@article{RGM97,
 author = {I. M. Rekleitis and G. Dudek and E. Milios.},
 title = {Multi-robot exploration of an unknown environment: efficiently reducing the odometry error.},
 journal = {IJCAI},
 volume = {},
 number = {},
 year = {1997},
 issn = {},
 pages = {1340--1345},
 publisher = {},
 address = {},
 }

@inproceedings{BKG07,
 author = {Shivudu Bhuvanagiri and K Madhava Krishna and Rakesh Goyal},
 title = {Active Localization of Multiple Robots by Moving to Best Frontiers},
 booktitle = {Proceedings of ICAR 2007},
 year = {2007},
 isbn = {},
 pages = {},
 location = {},
 doi = {},
 publisher = {},
 address = {},
 }

@article{Fox00,
 author = {Dieter Fox and Wolfram Burgard and Hannes Kruppa and Sebastian Thrun},
 title = {A Probabilistic Approach to Collaborative Multi-Robot Localization},
 journal = {Auton. Robots},
 volume = {8},
 number = {3},
 year = {2000},
 issn = {0929-5593},
 pages = {325--344},
 doi = {http://dx.doi.org/10.1023/A:1008937911390},
 publisher = {Kluwer Academic Publishers},
 address = {Hingham, MA, USA},
 }

@techreport{Kaelbling96,
 author = {Leslie P Kaelbling and Michael L. Littman and Anthony R. Cassandra},
 title = {Planning and Acting in Partially Observable Stochastic Domains},
 year = {1996},
 source = {http://www.ncstrl.org:8900/ncstrl/servlet/search?formname=detail\&id=oai%3Ancstrlh%3Abrowncs%3ABrownCS%2F%2FCS-96-08},
 publisher = {Brown University},
 address = {Providence, RI, USA},
 }

@article{Even:1985:RPS:3812.3818,
	author = {Even, Shimon and Goldreich, Oded and Lempel, Abraham},
	title = {A randomized protocol for signing contracts},
	journal = {Commun. ACM},
	issue_date = {June 1985},
	volume = {28},
	number = {6},
	month = jun,
	year = {1985},
	issn = {0001-0782},
	pages = {637--647},
	numpages = {11},
	url = {http://doi.acm.org/10.1145/3812.3818},
	doi = {10.1145/3812.3818},
	acmid = {3818},
	publisher = {ACM},
	address = {New York, NY, USA},
} 

@techreport{Rabin81:HtESwOT,
 author = {Michael O. Rabin},
 title = {How to Exchange Secrets with Oblivious Transfer},
 year = {1981},
 source = {http://ce.sharif.edu/~dousti/home/papers/rabin_OT.pdf},
 publisher = {Harvard University},
 }

@inproceedings{Howard03,
 title = {Putting the I in the team: Ego-centric approach to multi-robotic localization},
 author = {Andrew Howard and Maja J. Mataric and Gaurav S. Sukhatme},
 booktitle = {ICRA},
 pages = {},
 publisher = {IEEE},
 url = {},
 year = {2003},
 description = {dblp},
 date = {},
 keywords = {dblp }
} 

@inproceedings{RaoDW05,
 title = {Minimum Distance Localization for a Robot with Limited Visibility.},
 author = {Malvika Rao and Gregory Dudek and Sue Whitesides},
 booktitle = {ICRA},
 pages = {2438-2445},
 publisher = {IEEE},
 url = {http://dblp.uni-trier.de/db/conf/icra/icra2005.html#RaoDW05},
 year = {2005},
 description = {dblp},
 date = {2007-11-21},
 keywords = {dblp }
} 

@article{Dudek98trav,
 author = {Gregory Dudek and Kathleen Romanik and Sue Whitesides},
 title = {Localizing a Robot with Minimum Travel},
 journal = {SIAM J. Comput.},
 volume = {27},
 number = {2},
 year = {1998},
 issn = {0097-5397},
 pages = {583--604},
 doi = {http://dx.doi.org/10.1137/S0097539794279201},
 publisher = {Society for Industrial and Applied Mathematics},
 address = {Philadelphia, PA, USA},
 }

@article{Goyal06,
 author = {Rakesh Goyal and K. Madhava Krishna and Shivudu Bhuvanagiri},
 title = {Sensor based localization of mobile robots based on exploration and selection of best direction},
 journal = {IEEE/RSJ Intl. Conf. on Robotics and Bio-mimimetics},
 pages = {846--852},
 year = {2006},
}


@INPROCEEDINGS{Fox98Act,
  AUTHOR = {Fox, D. and Burgard, W. and Thrun, S.},
  TITLE = {Active Markov Localization for Mobile Robots},
  JOURNAL = {Robotics and Autonomous Systems},
  VOLUME = {25},
  PAGES = {195-207},
  YEAR = {1998}
} 

@inproceedings{BK08,
 author = {Shivudu Bhuvanagiri and K Madhava Krishna},
 title = {Active Global Localization for Multiple Robots by Disambiguating Multiple Hypotheses},
 booktitle = {IROS '08:Proc. of IEEE/RSJ 2008 International Conference on Intelligent RObots and Systems},
 year = {2008},
 isbn = {},
 pages = {},
 location = {},
 doi = {},
 publisher = {},
 address = {},
 }

@PhdThesis{Fox98:M,
  author =   {Dieter Fox},
  title =    {{M}arkov localization: A probabilistic framework for Mobile Robot Localization and Navigation},
  school =   {Department of Computer Science and Engineering},
  year =     {1998},
  OPTkey =   {},
  OPTtype =      {},
  address =      {University of Bonn, Germany},
  OPTmonth =     {},
  OPTnote =      {},
  OPTannote =    {}
}


[5] , "", to appear in  

@PhdThesis{KS06:SDC,
  author =   {Kannan Srinathan},
  title =    {{S}ecure {D}istributed {C}ommunication},
  school =   {Department of Computer Science and Engineering},
  year =     {2006},
  OPTkey =   {},
  OPTtype =      {},
  address =      {Indian Institute of Technology Madras, Chennai, India},
  OPTmonth =     {September},
  OPTnote =      {},
  OPTannote =    {}
}

@PhdThesis{G96:TaPoVSS,
  author =   {R. Gennaro},
  title =    {Theory and {P}ractice of {V}erifiable {S}ecret {S}haring},
  school =   {Massachusetts Institute of Technology (MIT), Cambridge},
  year =     {1996},
  OPTkey =   {},
  OPTtype =      {},
  OPTaddress =   {},
  month =    {May},
  OPTnote =      {},
  OPTannote =    {}
}

@TECHREPORT{APPS:ABGSA,
  AUTHOR =       {Anuj Gupta and Prasant Gopal and Piyush Bansal and Kannan Srinathan},
  TITLE =        {{A}uthenticated {B}yzantine {G}enerals {S}trike {A}gain},
  INSTITUTION =  {Center for Security, Theory and Algorithmic Research(CSTAR), 
		  International Institute of Information Technology, Hyderabad, 
		  India },
  YEAR =         {2008},
  type =         {},
  number =       {},
  address =      {},
  month =        {},
  note =         {A complete version is available at http://eprint.iacr.org/2008/287},
  abstract =     {},
  keywords =     {},
  source =       {},
}

@inproceedings{FM00,
 author = {Mattias Fitzi and Ueli Maurer},
 title = {From partial consistency to global broadcast},
 booktitle = {STOC '00: Proceedings of the thirty-second annual ACM symposium on Theory of computing},
 year = {2000},
 isbn = {1-58113-184-4},
 pages = {494--503},
 location = {Portland, Oregon, United States},
 doi = {http://doi.acm.org/10.1145/335305.335363},
 publisher = {ACM},
 address = {New York, NY, USA},
 }

@InProceedings{SR06,
  author =   { Kannan Srinathan and C. Pandu Rangan},
  title =    {Possibility and Complexity of Probabilistic Reliable Communications in Directed Networks},
  OPTcrossref =  {},
  OPTkey =   {},
  booktitle = {Proceedings of 25th ACM
Symposium on Principles of Distributed Computing (PODC'06)},
  OPTpages =     {},
  year =     {2006},
  OPTeditor =    {},
  OPTvolume =    {},
  OPTnumber =    {},
  OPTseries =    {},
  OPTaddress =   {},
  OPTmonth =     {},
  OPTorganization = {},
  OPTpublisher = {},
  OPTnote =      {},
  OPTannote =    {}
}

@inproceedings{FLM@85,
 author = {Michael J. Fischer and Nancy A. Lynch and Michael Merritt},
 title = {Easy impossibility proofs for distributed consensus problems},
 booktitle = {PODC '85: Proceedings of the fourth annual ACM symposium on Principles of distributed computing},
 year = {1985},
 isbn = {0-89791-168-7},
 pages = {59--70},
 location = {Minaki, Ontario, Canada},
 doi = {http://doi.acm.org/10.1145/323596.323602},
 publisher = {ACM},
 address = {New York, NY, USA},
 }


@InProceedings{MV80:AOAfMMiGG,
  author =   {S.~Micali and V.~Vazirani},
  title =    {An ${O}(\sqrt{|V|}\ |{E}|)$ algorithm for maximum matching in general graphs},
  booktitle =    {Proceedings of 21st IEEE Symposium on Foundations of Computer Science (FOCS)},
  OPTcrossref =  {},
  OPTkey =   {},
  pages =    {17--27},
  year =     {1980},
  OPTeditor =    {},
  OPTvolume =    {},
  OPTnumber =    {},
  OPTseries =    {},
  OPTaddress =   {},
  OPTmonth =     {},
  OPTorganization = {},
  OPTpublisher = {IEEE},
  OPTnote =      {},
  OPTannote =    {}
}

@Article{E65:PTaF,
  author =   {J. Edmonds},
  title =    {Paths, Trees and Flowers},
  journal =      {Canadian Journal of Mathematics},
  year =     {1965},
  OPTkey =   {},
  volume =   {17},
  OPTnumber =    {},
  pages =    {449--467},
  OPTmonth =     {},
  OPTnote =      {},
  OPTannote =    {}
}

@article{GSB94:ORiSaDA,
 author = {R. Gupta and S. A. Smolka and S. Bhaskar},
 title = {On {R}andomization in {S}equential and {D}istributed {A}lgorithms},
 journal = {ACM Computing Surveys},
 volume = {26},
 number = {1},
 year = {1994},
 issn = {0360-0300},
 pages = {7--86},
 doi = {http://doi.acm.org/10.1145/174666.174667},
 publisher = {ACM Press},
 address = {New York, NY, USA},
 }

@article{B90:RAP,
 author = {M. Ben-Or},
 title = {Randomized {A}greement {P}rotocols},
 book = {Fault-tolerant distributed computing},
 year = {1990},
 isbn = {0-387-97385-0},
 pages = {72--83},
 publisher = {Springer-Verlag},
 address = {London, UK},
 }

@inproceedings{Rabi83,
 author = {Rabin, M. O. },
 booktitle = {Proc. of the 24th Annu. IEEE Symp. on Foundations of Computer Science},
 citeulike-article-id = {1585396},
 keywords = {byzantine, consensus, randomized},
 pages = {403--409},
 priority = {2},
 title = {Randomized Byzantine Generals},
 year = {1983},
}

@inproceedings{BerndFiziMaurer,
 author = {Bernd Altmann and Matthias Fitzi and Ueli M. Maurer},
 title = {Byzantine Agreement Secure against General Adversaries in the Dual Failure Model},
 booktitle = {Proceedings of the 13th International Symposium on Distributed Computing},
 year = {1999},
 isbn = {3-540-66531-5},
 pages = {123--137},
 publisher = {Springer-Verlag},
 address = {London, UK},
 }

@InProceedings{SVR03:EPSCoSN,
  author =   {K. Srinathan and V. Vinod and C. P. Rangan},
  title =    {Efficient {P}erfectly {S}ecure {C}ommunication over {S}ynchronous {N}etworks},
  OPTcrossref =  {},
  OPTkey =   {},
  booktitle = {Proceedings of 22nd ACM
Symposium on Principles of Distributed Computing (PODC'03)},
  pages =    {252},
  year =     {2003},
  OPTeditor =    {},
  OPTvolume =    {},
  OPTnumber =    {},
  OPTseries =    {},
  OPTaddress =   {},
  OPTmonth =     {},
  OPTorganization = {},
  OPTpublisher = {ACM Press},
  OPTnote =      {},
  OPTannote =    {}
}

@InProceedings{SNR04:OPSMT,
  author =   {K. Srinathan and A.~Narayanan and C.~P.~Rangan},
  title =    {Optimal {P}erfectly {S}ecure {M}essage {T}ransmission},
  OPTcrossref =  {},
  OPTkey =   {},
  booktitle = { Proceedings of Advances in Cryptology - CRYPTO'04},
  pages =    {545--561},
  year =     {2004},
  OPTeditor =    {},
  volume =   {3152},
  OPTnumber =    {},
  series =   {Lecture Notes in Computer Science (LNCS)},
  OPTaddress =   {},
  OPTmonth =     {},
  OPTorganization = {},
  publisher = {Springer-Verlag},
  OPTnote =      {},
  OPTannote =    {}
}

@InProceedings{SA95:PSMTiAN,
  author =   {H. Sayeed and H. Abu{-A}mara},
  title =    {Perfectly {S}ecure {M}essage {T}ransmission in  {A}synchronous {N}etworks},
  booktitle =    {Seventh IEEE Symposium on Parallel and Distributed Processing},
  OPTcrossref =  {},
  OPTkey =   {},
  OPTpages =     {},
  year =     {1995},
  OPTeditor =    {},
  OPTvolume =    {},
  OPTnumber =    {},
  OPTseries =    {},
  OPTaddress =   {},
  OPTmonth =     {},
  OPTorganization = {},
  OPTpublisher = {},
  OPTnote =      {},
  OPTannote =    {}
}


@Article{SA96:EPSMTiSN,
  author =   {H. Sayeed and H. Abu-Amara},
  title =    {Efficient {P}erfectly {S}ecure {M}essage {T}ransmission in {S}ynchronous {N}etworks},
  journal =      {Information and Computation},
  year =     {1996},
  OPTkey =   {},
  volume =   {126},
  number =   {1},
  pages =    {53--61},
  OPTmonth =     {},
  OPTnote =      {},
  OPTannote =    {}
}



@InProceedings{GRR98:SVFMCwAtTC,
  author =   {R.~Gennaro and M.O.~Rabin and T.~Rabin},
  title =    {Simplified {VSS} and fast-track multiparty
  computations with applications to threshold cryptography},
  booktitle =    {Proceedings of 17th ACM Symposium on Principles of
  Distributed Computing (PODC)},
  OPTcrossref =  {},
  OPTkey =   {},
  OPTpages =     {},
  year =     {1998},
  OPTeditor =    {},
  OPTvolume =    {},
  OPTnumber =    {},
  OPTseries =    {},
  OPTaddress =   {},
  OPTmonth =     {},
  OPTorganization = {},
  OPTpublisher = {},
  OPTnote =      {},
  OPTannote =    {}
}


@InProceedings{Y82:PfSC,
  author =   {Andrew Chi-Chih Yao},
  title =    {Protocols for {S}ecure {C}omputations},
  booktitle =    {Proceedings of 23rd IEEE Symposium on the
  Foundations of Computer Science (FOCS)},
  OPTcrossref =  {},
  OPTkey =   {},
  pages =    {160-164},
  year =     {1982},
  OPTeditor =    {},
  OPTvolume =    {},
  OPTnumber =    {},
  OPTseries =    {},
  OPTaddress =   {},
  OPTmonth =     {},
  OPTorganization = {},
  publisher = {IEEE Press},
  OPTnote =      {},
  OPTannote =    {}
}

@Article{R89:EDoIfSLBaFT,
  author =   {M.O. Rabin},
  title =    {Efficient {D}ispersal of {I}nformation for {S}ecurity, {L}oad {B}alancing, and {F}ault {T}olerance},
  journal =      {Journal of the Association for Computing Machinery (JACM)},
  year =     {1989},
  OPTkey =   {},
  volume =   {36},
  OPTnumber =    {},
  pages =    {335--348},
  OPTmonth =     {},
  OPTnote =      {},
  OPTannote =    {}
}

@Article{M27:ZaK,
  author =   {K.~Menger},
  title =    {Zur allgemeinen Kurventheorie},
  journal =      {Fundamenta Mathematicae},
  year =     {1927},
  OPTkey =   {},
  volume =   {10},
  OPTnumber =    {},
  pages =    {96--115},
  OPTmonth =     {},
  OPTnote =      {},
  OPTannote =    {}
}

@InProceedings{BL88:GSSaMF,
  author =   {J. Benaloh and J. Leichter},
  title =    {Generalized {S}ecret {S}haring and {M}onotone {F}unctions},
  booktitle =    {Proceedings of Advances in Cryptology- CRYPTO 88},
  OPTcrossref =  {},
  OPTkey =   {},
  pages =    {27-36},
  year =     {1988},
  editor =   {S. Goldwasser},
  volume =   {403},
  OPTnumber =    {},
  series =   {Lecture Notes in Computer Science (LNCS)},
  OPTaddress =   {},
  OPTmonth =     {},
  OPTorganization = {},
  publisher = {Springer-Verlag},
  OPTnote =      {},
  OPTannote =    {}
}

@InProceedings{ISN87:SSSRGAS,
  author =   {M. Ito and A. Saito and T. Nishizeki},
  title =    {Secret {S}haring {S}cheme {R}ealizing {G}eneral {A}ccess {S}tructure},
  booktitle =    {Proceedings of IEEE Globecom 87},
  OPTcrossref =  {},
  OPTkey =   {},
  pages =    {99-102},
  year =     {1987},
  OPTeditor =    {},
  OPTvolume =    {},
  OPTnumber =    {},
  OPTseries =    {},
  OPTaddress =   {},
  OPTmonth =     {},
  organization = {IEEE},
  OPTpublisher = {},
  OPTnote =      {},
  OPTannote =    {}
}


@InProceedings{BCS03:PSMTiAN,
 author = {M. Backes and C. Cachin and R. Strobl},
 title = {Proactive {S}ecure {M}essage {T}ransmission in {A}synchronous {N}etworks},
 booktitle = {Proceedings of the twenty-second ACM Annual Symposium on Principles of Distributed Computing (PODC)},
 year = {2003},
 isbn = {1-58113-708-7},
 pages = {223--232},
 location = {Boston, Massachusetts},
 doi = {http://doi.acm.org/10.1145/872035.872069},
 publisher = {ACM Press},
 address = {New York, NY, USA},
 }

@InProceedings{CKLS02:AVSSaPC,
 author = {C. Cachin and K. Kursawe and A. Lysyanskaya and R. Strobl},
 title = {Asynchronous {V}erifiable {S}ecret {S}haring and {P}roactive {C}ryptosystems},
 booktitle = {Proceedings of the 9th ACM Conference on Computer and Communications Security},
 year = {2002},
 isbn = {1-58113-612-9},
 pages = {88--97},
 location = {Washington, DC, USA},
 doi = {http://doi.acm.org/10.1145/586110.586124},
 publisher = {ACM Press},
 address = {New York, NY, USA},
 }


@Article{AK97:AoRFM,
  author =   {M.H. Azadmanesh and A.W. Krings},
  title =    {Analysis of a {R}ealistic {F}ault {M}odel},
  journal =      {Journal of Systems Science},
  year =     {1997},
  OPTkey =   {},
  volume =   {22},
  number =   {3},
  pages =    {29--51},
  OPTmonth =     {},
  OPTnote =      {},
  OPTannote =    {}
}

@Article{KA94:RAAwMMF,
  author =   {R.M. Kieckhafer and M.H. Azadmanesh},
  title =    {Reaching {A}pproximate {A}greement with {M}ixed {M}ode {F}aults.},
  journal =      {IEEE Transactions on Parallel and Distributed Systems},
  year =     {1994},
  OPTkey =   {},
  volume =   {5},
  number =   {1},
  pages =    {53--63},
  OPTmonth =     {},
  OPTnote =      {},
  OPTannote =    {}
}

@InProceedings{LR93:AFVAfICUHFM,
  author =   {P. Lincoln and J. Rushby},
  title =    {A {F}ormally {V}erified {A}lgorithm for {I}nteractive {C}onsistency under a {H}ybrid {F}ault {M}odel},
  OPTcrossref =  {},
  OPTkey =   {},
  booktitle = {Proceedings of the Twenty-Third Annual International Symposium on Fault-Tolerant Computing},
  pages =    {402-411},
  year =     {1993},
  OPTeditor =    {},
  OPTvolume =    {},
  OPTnumber =    {},
  OPTseries =    {},
  OPTaddress =   {},
  OPTmonth =     {},
  OPTorganization = {},
  publisher = {IEEE},
  OPTnote =      {},
  OPTannote =    {}
}

@InProceedings{GGL91:FTCitFIM,
  author =   {O. Goldriech and S. Goldwasser and N. Linial},
  title =    {{F}ault-{T}olerant {C}omputation in the {F}ull {I}nformation {M}odel},
  booktitle =    {Proceedings of 32nd IEEE Symposium on Foundations of Computer Science (FOCS)},
  OPTcrossref =  {},
  OPTkey =   {},
  pages =    {447-457},
  year =     {1991},
  OPTeditor =    {},
  OPTvolume =    {},
  OPTnumber =    {},
  OPTseries =    {},
  OPTaddress =   {},
  OPTmonth =     {},
  OPTorganization = {},
  OPTpublisher = {},
  OPTnote =      {},
  OPTannote =    {}
}

@Misc{comtrans,
  key =      {Secret Government Labs},
  OPTauthor =    {},
  OPTtitle =     {{T}ransportation and {T}elecommunication},
  howpublished = {\texttt{http://www.secretgovernmentlabs.com/page/telecomtransport}},
  OPTmonth =     {},
  OPTyear =      {},
  OPTnote =      {},
  OPTannote =    {}
}

@Article{D82:TBGSA,
  author =   {D.~Dolev},
  title =    {The {B}yzantine {G}enerals {S}trike {A}gain},
  journal =      {Journal of Algorithms},
  year =     {1982},
  OPTkey =   {},
  volume =   {3},
  number =   {1},
  pages =    {14--30},
  month =    {March},
  OPTnote =      {},
  OPTannote =    {}
}

@InProceedings{GMW87:HtPaMG,
  author =   {O.~Goldreich and S.~Micali and A.~Wigderson},
  title =    {{H}ow to {P}lay any {M}ental {G}ame},
  booktitle =    {Proceedings of the 19th Symposium on Theory of Computing (STOC)},
  OPTcrossref =  {},
  OPTkey =   {},
  pages =    {218-229},
  year =     {1987},
  OPTeditor =    {},
  OPTvolume =    {},
  OPTnumber =    {},
  OPTseries =    {},
  OPTaddress =   {},
  OPTmonth =     {},
  OPTorganization = {},
  publisher = {ACM Press},
  OPTnote =      {},
  OPTannote =    {}
}

@InProceedings{BGW88:CTfNFDC,
  author =   {M.~Ben{-O}r and S.~Goldwasser and A.~Wigderson},
  title =    {{C}ompleteness {T}heorems for {N}on-cryptographic
  {F}ault-tolerant {D}istributed {C}omputation},
  booktitle =    {Proceedings of the 20th Symposium on Theory of Computing (STOC)},
  OPTcrossref =  {},
  OPTkey =   {},
  pages =    {1-10},
  year =     {1988},
  OPTeditor =    {},
  OPTvolume =    {},
  OPTnumber =    {},
  OPTseries =    {},
  OPTaddress =   {},
  OPTmonth =     {},
  OPTorganization = {},
  publisher = {ACM Press},
  OPTnote =      {},
  OPTannote =    {}
}


@InCollection{HT93:FBaRP,
  author =   {V.~Hadzilacos and S.~Toueg},
  title =    {{F}ault-tolerant {B}roadcasts and {R}elated {P}roblems},
  booktitle =    {Distributed Systems},
  OPTcrossref =  {},
  OPTkey =   {},
  pages =    {97--145},
  publisher = {ACM Press/Addison--Wesley, New York/Reading Mass.},
  year =     {1993},
  editor =   {S.~Mullender},
  OPTvolume =    {},
  OPTnumber =    {},
  OPTseries =    {},
  OPTtype =      {},
  chapter =      {5},
  OPTaddress =   {},
  edition =      {second},
  OPTmonth =     {},
  OPTnote =      {},
  OPTannote =    {}
}

@Article{BD85:SoB:NAfRB,
  author =   {O.~Babaoglu and R.~Drummond},
  title =    {{S}treets of {B}yzantium: {N}etwork {A}rchitectures for {R}eliable {B}roadcast},
  journal =      {{IEEE} Transactions on Software Engineering},
  year =     {1985},
  OPTkey =   {},
  volume =   {SE-11},
  number =   {6},
  pages =    {546--554},
  month =    {June},
  OPTnote =      {},
  OPTannote =    {}
}

@InProceedings{RB89:VSSaSMPwHM,
  author =   {T. Rabin and M. Ben{-O}r},
  title =    {{V}erifiable {S}ecret {S}haring and {M}ultiparty {P}rotocols
  with {H}onest {M}ajority},
  booktitle =    {Proceedings of the 21st Symposium on Theory of Computing (STOC)},
  OPTcrossref =  {},
  OPTkey =   {},
  pages =    {73--85},
  year =     {1989},
  OPTeditor =    {},
  OPTvolume =    {},
  OPTnumber =    {},
  OPTseries =    {},
  OPTaddress =   {},
  OPTmonth =     {},
  OPTorganization = {},
  publisher = {ACM Press},
  OPTnote =      {},
  OPTannote =    {}
}

@Article{BGP92:BODC,
  author =   {P.~Berman and J.~A.~Garay and K.~J.~Perry},
  title =    {{B}it {O}ptimal {D}istributed {C}onsensus},
  journal =      {Computer Science: Research and Applications},
  year =     {1992},
  isbn =         {0-306-44223-x},
  OPTkey =   {},
  OPTvolume =    {},
  OPTnumber =    {},
  pages =    {313--321},
  publisher =    {Plenum Press},
  OPTmonth =     {},
  OPTnote =      {},
  OPTannote =    {}
}

@Book{L03:CoSMPP:aCS,
  author =   {Y.~Lindell},
  ALTeditor =    {},
  title =    {{C}omposition of {S}ecure {M}ulti-{P}arty {P}rotocols: {A} {C}omprehensive {S}tudy},
  publisher =    {Springer--Verlag},
  year =     {2003},
  OPTkey =   {},
  volume =   {2815},
  OPTnumber =    {},
  series =   {Lecture Notes in Computer Science (LNCS)},
  OPTaddress =   {},
  OPTedition =   {},
  OPTmonth =     {},
  OPTnote =      {},
  OPTannote =    {}
}

@Article{GMR89:tKCoIPS,
  author =   {S.~Goldwasser and S.~Micali and C.~Rackoff},
  title =    {{T}he {K}nowledge {C}omplexity of {I}nteractive {P}roof {S}ystems},
  journal =      {{SIAM} Journal on Computing},
  year =     {1989},
  OPTkey =   {},
  volume =   {18},
  number =   {1},
  pages =    {186--208},
  OPTmonth =     {},
  OPTnote =      {},
  OPTannote =    {}
}

@InProceedings{LMMS98:aPPFfPA,
  author =   {P.~Lincoln and J.~Mitchell and M.~Mitchell and A.~Schedrov},
  title =    {{A} {P}robabilistic {P}oly-time {F}ramework for {P}rotocol {A}nalysis},
  OPTcrossref =  {},
  OPTkey =   {},
  booktitle = {Proceedings of the 5th Conference on Computer and Communications Security},
  pages =    {112--121},
  year =     {1998},
  OPTeditor =    {},
  OPTvolume =    {},
  OPTnumber =    {},
  OPTseries =    {},
  OPTaddress =   {},
  OPTmonth =     {},
  OPTorganization = {},
  publisher = {ACM},
  OPTnote =      {},
  OPTannote =    {}
}

@InProceedings{AG97:aCfCP:tSC,
  author =   {M.~Abadi and A.D.~Gordon},
  title =    {{A} {C}alculus for {C}ryptographic {P}rotocols: {T}he {S}pi {C}alculus},
  OPTcrossref =  {},
  OPTkey =   {},
  booktitle = {Proceedings of the 4th Conference on Computer and Communications Security},
  pages =    {36--47},
  year =     {1997},
  OPTeditor =    {},
  OPTvolume =    {},
  OPTnumber =    {},
  OPTseries =    {},
  OPTaddress =   {},
  OPTmonth =     {},
  OPTorganization = {},
  publisher = {ACM},
  OPTnote =      {},
  OPTannote =    {}
}

@InProceedings{C01:UCS:aNPfCP,
  author =   {R.~Canetti},
  title =    {{U}niversally {C}omposable {S}ecurity: {A} {N}ew {P}aradigm for {C}ryptographic {P}rotocols},
  OPTcrossref =  {},
  OPTkey =   {},
  booktitle = {Proceedings of the 42nd Symposium on Foundations of Computer Science (FOCS)},
  pages =    {136--145},
  year =     {2001},
  OPTeditor =    {},
  OPTvolume =    {},
  OPTnumber =    {},
  OPTseries =    {},
  OPTaddress =   {},
  OPTmonth =     {},
  OPTorganization = {},
  publisher = {IEEE},
  note =     {Full version available at \texttt{http://eprint.iacr.org/2000/067}},
  OPTannote =    {}
}

@Book{G01:FoCBT,
  author =   {O.~Goldreich},
  ALTeditor =    {},
  title =    {{F}oundations of {C}ryptography: {B}asic {T}ools},
  publisher =    {Cambridge University Press},
  year =     {2001},
  OPTkey =   {},
  OPTvolume =    {},
  OPTnumber =    {},
  OPTseries =    {},
  OPTaddress =   {},
  OPTedition =   {},
  OPTmonth =     {},
  OPTnote =      {},
  OPTannote =    {}
}

@Book{G04:FoCBA,
  author =   {O.~Goldreich},
  ALTeditor =    {},
  title =    {{F}oundations of {C}ryptography: {B}asic {A}pplicationss},
  publisher =    {Cambridge University Press},
  year =     {2004},
  OPTkey =   {},
  OPTvolume =    {},
  OPTnumber =    {},
  OPTseries =    {},
  OPTaddress =   {},
  OPTedition =   {},
  OPTmonth =     {},
  OPTnote =      {},
  OPTannote =    {}
}

@Article{MPW92:aCoMP,
  author =   {R.~Milner and J.~Parrow and D.~Walker},
  title =    {{A} {C}alculus of {M}obile {P}rocesses, {P}arts {I} and {II}},
  journal =      {Information and Computation},
  year =     {1992},
  OPTkey =   {},
  OPTvolume =    {},
  OPTnumber =    {},
  pages =    {1 -- 40 and 41 -- 77},
  OPTmonth =     {},
  OPTnote =      {},
  OPTannote =    {}
}

@Book{L96:DA,
  author =   {N.~Lynch},
  ALTeditor =    {},
  title =    {{D}istributed {A}lgorithms},
  publisher =    {Morgan Kaufmann},
  year =     {1996},
  OPTkey =   {},
  OPTvolume =    {},
  OPTnumber =    {},
  OPTseries =    {},
  address =      {San Mateo, CA, USA},
  OPTedition =   {},
  OPTmonth =     {},
  OPTnote =      {},
  OPTannote =    {}
}

@Book{T88:CN,
  author =   {A.~S.~Tanenbaum},
  ALTeditor =    {},
  title =    {{C}omputer {N}etworks},
  publisher =    {Prentice Hall},
  year =     {1988},
  OPTkey =   {},
  OPTvolume =    {},
  OPTnumber =    {},
  OPTseries =    {},
  address =      {Englewood Cliffs, N.J.},
  edition =      {second},
  OPTmonth =     {},
  OPTnote =      {},
  OPTannote =    {}
}

@Book{S03:CaNSPaP,
  author =   {W.~Stallings},
  ALTeditor =    {},
  title =    {{C}ryptography and {N}etwork {S}ecurity: {P}rinciples and {P}ractices},
  publisher =    {Pearson Education, Inc.},
  year =     {2003},
  OPTkey =   {},
  OPTvolume =    {},
  OPTnumber =    {},
  OPTseries =    {},
  address =      {Singapore},
  edition =      {third},
  OPTmonth =     {},
  OPTnote =      {},
  OPTannote =    {}
}

@Book{R03:IS,
  author =   {M.~Y.~Rhee},
  ALTeditor =    {},
  title =    {{I}nternet {S}ecurity: {C}ryptographic principles, algorithms and protocols},
  publisher =    {John Wiley \& Sons Ltd.},
  year =     {2003},
  OPTkey =   {},
  OPTvolume =    {},
  OPTnumber =    {},
  OPTseries =    {},
  address =      {England},
  OPTedition =   {},
  OPTmonth =     {},
  OPTnote =      {},
  OPTannote =    {}
}

@Article{S48:AMToC,
  author =   {C.~E.~Shannon},
  title =    {{A} {M}athematical {T}heory of {C}ommunication},
  journal =      {Bell System Technical Journal},
  year =     {1948},
  OPTkey =   {},
  volume =   {27},
  number =   {3 and 4},
  pages =    {379--423, 623--656},
  month =    {July, October},
  OPTnote =      {},
  OPTannote =    {}
}

@Article{S49:CToSS,
  author =   {C. E. Shannon},
  title =    {{C}ommunication {T}heory of {S}ecrecy {S}ystems},
  journal =      {Bell System Technical Journal},
  year =     {1949},
  OPTkey =   {},
  volume =   {28},
  number =   {4},
  pages =    {656--715},
  month =    {October},
  OPTnote =      {},
  OPTannote =    {}
}

@Book{MS77:TToECC,
  author =   {F.~J.~MacWilliams and N.~J.~A.~Sloane},
  ALTeditor =    {},
  title =    {{T}he {T}heory of {E}rror-{C}orrecting {C}odes.},
  publisher =    {North-Holland},
  year =     {1977},
  OPTkey =   {},
  OPTvolume =    {},
  OPTnumber =    {},
  OPTseries =    {},
  address =      {Amsterdam},
  OPTedition =   {},
  OPTmonth =     {},
  OPTnote =      {},
  OPTannote =    {}
}


@Book{MOV97:HoAC,
  author =   {A.~J.~Menezes and P.~C.~van~Oorschot and S.~A.~Vanstone},
  ALTeditor =    {},
  title =    {{H}andbook of {A}pplied {C}ryptography},
  publisher =    {CRC Press},
  year =     {1997},
  OPTkey =   {},
  OPTvolume =    {},
  OPTnumber =    {},
  OPTseries =    {},
  OPTaddress =   {},
  OPTedition =   {},
  OPTmonth =     {},
  OPTnote =      {},
  OPTannote =    {}
}

@Book{C02:IaRaAP,
  author =   {C.~S.~Calude},
  ALTeditor =    {W.~Brauer and G.~Rozenberg and A.~Salomaa},
  title =    {{I}nformation and {R}andomness: {A}n {A}lgorithmic {P}erspective},
  publisher =    {Springer},
  year =     {2002},
  OPTkey =   {},
  OPTvolume =    {},
  OPTnumber =    {},
  OPTseries =    {Texts in Theoretical Computer Science: An EATCS Series},
  OPTaddress =   {},
  edition =      {Second},
  month =    {May},
  OPTnote =      {},
  OPTannote =    {}
}

@Article{BM84:HtGCSSoPRB,
  author =   {M.~Blum and S.~Micali},
  title =    {{H}ow to {G}enarate {C}ryptographically {S}trong {S}equences of {P}seudo-random {B}its},
  journal =      {SIAM Journal of Computing},
  year =     {1984},
  OPTkey =   {},
  volume =   {13},
  OPTnumber =    {},
  OPTpages =     {850--864},
  OPTmonth =     {},
  OPTnote =      {},
  OPTannote =    {}
}

@Article{BDV96:RiDP,
  author =   {C.~Blundo and A.~De-Santis and U.~Vaccaro},
  title =    {{R}andomness in {D}istribution {P}rotocols},
  journal =      {Information and Computation},
  year =     {1996},
  OPTkey =   {},
  volume =   {131},
  OPTnumber =    {},
  pages =    {111--139},
  OPTmonth =     {},
  OPTnote =      {},
  OPTannote =    {}
}

@Article{CG93:BoTbRCC,
  author =   {R.~Canetti and O.~Goldreich},
  title =    {{B}ounds on {T}radeoffs between {R}andmoness and {C}ommunication {C}omplexity},
  journal =      {Computational Complexity},
  year =     {1993},
  OPTkey =   {},
  volume =   {3},
  OPTnumber =    {},
  pages =    {141--167},
  OPTmonth =     {},
  OPTnote =      {},
  OPTannote =    {}
}

@InProceedings{CKOR97:RvFt,
  author =   {R. Canetti and E. Kushilevitz and R. Ostrovsky and A. Rosen},
  title =    {Randomness versus {F}ault-tolerance},
  booktitle =    {Proceedings of the 16th Symposium on Principles of Distributed Computing (PODC)},
  OPTcrossref =  {},
  OPTkey =   {},
  pages =    {35--44},
  year =     {1997},
  OPTeditor =    {},
  OPTvolume =    {},
  OPTnumber =    {},
  OPTseries =    {},
  OPTaddress =   {},
  month =    {August},
  OPTorganization = {},
  publisher = {ACM},
  OPTnote =      {},
  OPTannote =    {}
}

@Article{CKOR00:RvFt,
  author =   {R.~Canetti and E.~Kushilevitz and R.~Ostrovsky and A.~Rosen},
  title =    {{R}andomness versus {F}ault-tolerance},
  journal =      {Journal of Cryptology},
  year =     {2000},
  OPTkey =   {},
  volume =   {13},
  OPTnumber =    {},
  OPTpages =     {107--142},
  OPTmonth =     {},
  note =     {Preliminary version appeared in \cite{CKOR97:RvFt}},
  OPTannote =    {}
}

@inproceedings{CG85:UBfSoWRaPCC,
author =       {B.~Chor and O.~Goldreich},
title =        {{U}nbiased {B}its from {S}ources of {W}eak {R}andomness and
               {P}robabilistic {C}ommunication {C}omplexity},
booktitle =     {Proceedings of the 26th Symposium on Foundations of Computer Science (FOCS)},
OPTaddress =      {Portland},
publisher =    {IEEE},
pages =        {429--442},
year =         {1985}
}

@Article{CG88:UBfSoWRaPCC,
  author =   {B.~Chor and O.~Goldreich},
  title =    {{U}nbiased {B}its from {S}ources of {W}eak {R}andomness and {P}robabilistic {C}ommunication {C}omplexity},
  journal =      {SIAM Journal of Computing},
  year =     {1988},
  OPTkey =   {},
  volume =   {17},
  OPTnumber =    {},
  pages =    {230--261},
  OPTmonth =     {},
  note =     {Preliminary version appeared in \cite{CG85:UBfSoWRaPCC}},
  OPTannote =    {}
}

@InProceedings{CW89:DDAaWRS,
  author =   {A.~Cohen and A.~Wigderson},
  title =    {{D}ispersers, {D}eterministic {A}mplification, and {W}eak {R}andom {S}ources},
  booktitle =    {Proceedings of the 30th Symposium on Foundations of Computer Science (FOCS)},
  OPTcrossref =  {},
  OPTkey =   {},
  pages =    {14--19},
  year =     {1989},
  OPTeditor =    {},
  OPTvolume =    {},
  OPTnumber =    {},
  OPTseries =    {},
  OPTaddress =   {},
  OPTmonth =     {},
  OPTorganization = {},
  publisher = {IEEE},
  OPTnote =      {},
  OPTannote =    {}
}

@InProceedings{IZ89:HtRRB,
  author =   {R.~Impagliazzzo and D.~Zuckerman},
  title =    {{H}ow to {R}ecycle {R}andom {B}its},
  booktitle =    {Proceedings of the 30th Symposium on Foundations of Computer Science (FOCS)},
  OPTcrossref =  {},
  OPTkey =   {},
  pages =    {248--253},
  year =     {1989},
  OPTeditor =    {},
  OPTvolume =    {},
  OPTnumber =    {},
  OPTseries =    {},
  OPTaddress =   {},
  OPTmonth =     {},
  OPTorganization = {},
  publisher = {IEEE},
  OPTnote =      {},
  OPTannote =    {}
}

@book{K67:TC,
author =       {D. Kahn},
title =        {{T}he {C}odebreakers},
publisher =    {Macmillian},
address =      {New York},
year =         1967
}

@Article{G96:ISaB,
  author =   {W.~Gitt},
  title =    {{I}nformation, {S}cience and {B}iology},
  journal =      {Technical Journal},
  year =     {1996},
  OPTkey =   {},
  volume =   {10},
  number =   {2},
  pages =    {181--187},
  OPTmonth =     {},
  OPTnote =      {},
  OPTannote =    {}
}

@Book{S98:NBCStMToE,
  author =   {L.~M.~Spetner},
  ALTeditor =    {},
  title =    {{NOT BY CHANCE}! {S}hattering the {M}odern {T}heory of {E}volution},
  publisher =    {Judaica Press},
  year =     {1998},
  OPTkey =   {},
  OPTvolume =    {},
  OPTnumber =    {},
  OPTseries =    {},
  address =      { New York},
  OPTedition =   {},
  OPTmonth =     {},
  OPTnote =      {},
  OPTannote =    {}
}

@Misc{D98:IDaaToI,
  OPTkey =   {},
  author =   {W.~A.~Dembski},
  title =    {{I}ntelligent {D}esign as a {T}heory of {I}nformation},
  howpublished = {http://www.arn.org/docs/dembski/wd\_idtheory.htm},
  OPTmonth =     {},
  year =     {1998},
  OPTnote =      {},
  OPTannote =    {}
}

@Article{G96:CWC:CMaL,
  author =   {R.~Glanville},
  title =    {{C}ommunication without {C}oding: {C}ybernetics, {M}eaning and {L}anguage ({H}ow {L}anguage, becoming a {S}ystem, {B}etrays itself) },
  journal =      {Modern Language Notes},
  year =     {1996},
  OPTkey =   {},
  volume =   {111},
  number =   {3},
  OPTpages =     {},
  OPTmonth =     {},
  OPTnote =      {},
  OPTannote =    {}
}

@PhdThesis{C95:SiSMCaA,
  author =   {R.~Canetti},
  title =    {{S}tudies in {S}ecure {M}ultiparty {C}omputation and {A}pplications},
  school =   {Department of Computer Science and Applied
  Mathematics, The Weizmann Institute of Science},
  year =     {1995},
  OPTkey =   {},
  OPTtype =      {},
  address =      {Israel},
  month =    {June},
  OPTnote =      {},
  OPTannote =    {}
}

@InProceedings{KM02:TNfRFMiPD,
  author =   {I.~Keidar and K.~Marzullo},
  title =    {{T}he {N}eed for {R}ealistic {F}ailure {M}odels in {P}rotocol {D}esign},
  OPTcrossref =  {},
  OPTkey =   {},
  booktitle =    {Proceedings of the 4th International Survivability Workshop},
  OPTpages =     {},
  year =     {2002},
  url =          {citeseer.ist.psu.edu/keidar02need.html},
  OPTeditor =    {},
  OPTvolume =    {},
  OPTnumber =    {},
  OPTseries =    {},
  OPTaddress =   {},
  OPTmonth =     {},
  OPTorganization = {},
  OPTpublisher = {},
  OPTnote =      {},
  OPTannote =    {}
}


@InProceedings{LLR02:OtCoABA,
  author =   {Y.~Lindell and A.~Lysysanskaya and T.~Rabin},
  title =    {{O}n the {C}omposition of {A}uthenticated {B}yzantine {A}greement},
  OPTcrossref =  {},
  OPTkey =   {},
  booktitle = {Proceedings of the 34th Symposium on Theory of Computing (STOC)},
  pages =    {514--523},
  year =     {2002},
  OPTeditor =    {},
  OPTvolume =    {},
  OPTnumber =    {},
  OPTseries =    {},
  OPTaddress =   {},
  OPTmonth =     {},
  OPTorganization = {},
  publisher = {ACM Press},
  OPTnote =      {},
  OPTannote =    {}
}

@InProceedings{CR03:UCwJS,
  author =   {R.~Canetti and T.~Rabin},
  title =    {{U}niversal {C}omposition with {J}oint {S}tate},
  booktitle =    {Proceedings of Advances in Cryptology - CRYPTO '03},
  OPTcrossref =  {},
  OPTkey =   {},
  pages =    {265--281},
  year =     {2003},
  OPTeditor =    {},
  volume =   {2729},
  OPTnumber =    {},
  series =   {Lecture Notes in Computer Science (LNCS)},
  OPTaddress =   {},
  OPTmonth =     {},
  OPTorganization = {},
  publisher = {Springer-Verlag},
  OPTnote =      {},
  OPTannote =    {}
}


@article{FW00:SCiMCM,
author = "M.~Franklin and R.N.~Wright",
title = "{S}ecure {C}ommunication in {M}inimal {C}onnectivity {M}odels",
journal = "Journal of Cryptology",
volume = "13",
number = "1",
pages = "9--30",
year = "2000",
}

@article{WD01:SCiMCtAtFWQ,
author = "Y.~Wang and Y.~Desmedt",
title = "{S}ecure {C}ommunication in {M}ulticast {C}hannels: {T}he {A}nswer to {F}ranklin and {W}right's {Q}uestion",
journal = "Journal of Cryptology",
volume = "14",
number = "2",
pages = "121--135",
year = "2001",
}

@InProceedings{FY95:SHPfPB,
  author =   {M. Franklin and M. Yung},
  title =    {{S}ecure {H}ypergraphs: {P}rivacy from {P}artial {B}roadcast},
  booktitle =    {Proceedings of 27th Symposium on Theory of Computing (STOC)},
  OPTcrossref =  {},
  OPTkey =   {},
  pages =    {36--44},
  year =     {1995},
  OPTeditor =    {},
  OPTvolume =    {},
  OPTnumber =    {},
  OPTseries =    {},
  OPTaddress =   {},
  OPTmonth =     {},
  OPTorganization = {},
  publisher = {ACM Press},
  OPTnote =      {},
  OPTannote =    {No softcopy available.}
}

@Article{WLGGLSSW78:S:DaAoaFCfATC,
  author =   {J.~H.~Wensley and L.~Lamport and J.~Goldberg and M.~W.~Green and K.~M.~Levitt and P.~M.~Melliar-Smith and R.~E.~Shostak and C.~B.~Weinstock},
  title =    {{SIFT}: {D}esign and {A}nalysis of a {F}ault-tolerant {C}omputer for {A}ir {T}raffic {C}ontrol},
  journal =      {Proceedings of IEEE},
  year =     {1978},
  OPTkey =   {},
  volume =   {66},
  number =   {10},
  pages =    {1240--1255},
  month =    {October},
  OPTnote =      {},
  OPTannote =    {}
}

@Article{S79:HtSaS,
  author =   {A. Shamir},
  title =    {{H}ow to {S}hare a {S}ecret},
  journal =      {Communications of the ACM},
  year =     {1979},
  OPTkey =   {},
  volume =   {22},
  OPTnumber =    {},
  pages =    {612-613},
  OPTmonth =     {},
  OPTnote =      {},
  OPTannote =    {}
}

@Article{LSP82:TBGP,
  author =   {L. Lamport and R. Shostak and M. Pease},
  title =    {{T}he {B}yzantine {G}enerals {P}roblem},
  journal =      {ACM Transactions on Programming Languages and Systems},
  year =     {1982},
  OPTkey =   {},
  volume =   {4},
  number =   {3},
  pages =    {382-401},
  month =    {July},
  OPTnote =      {},
  OPTannote =    {}
}

@InProceedings{R83:RBG,
  author =   {M. O. Rabin},
  title =    {{R}andomized {B}yzantine {G}enerals},
  booktitle =    {Proceedings of the 24th Symposium on Foundations of Computer Science (FOCS)},
  OPTcrossref =  {},
  OPTkey =   {},
  pages =    {403-409},
  year =     {1983},
  OPTeditor =    {},
  OPTvolume =    {},
  OPTnumber =    {},
  OPTseries =    {},
  OPTaddress =   {},
  OPTmonth =     {},
  OPTorganization = {},
  publisher = {IEEE},
  OPTnote =      {},
  OPTannote =    {}
}

@InProceedings{CGMA85:VSSaASitPoF,
  author =   {B. Chor and S. Goldwasser and S. Micali and B. Awerbuch},
  title =    {{V}erifiable {S}ecret {S}haring and {A}chieving {S}imultaneity in the {P}resence of {F}aults},
  booktitle =    {Proceedings of the 26th Symposium on Foundations of Computer Science (FOCS)},
  OPTcrossref =  {},
  OPTkey =   {},
  pages =    {383-395},
  year =     {1985},
  OPTeditor =    {},
  OPTvolume =    {},
  OPTnumber =    {},
  OPTseries =    {},
  OPTaddress =   {},
  OPTmonth =     {},
  OPTorganization = {},
  publisher = {IEEE},
  OPTnote =      {},
  OPTannote =    {}
}

@InProceedings{Br84:AACP,
  author =   {G. Bracha},
  title =    {{A}n {A}synchronous $\lfloor (n-1)/3 \rfloor$-resilient
  {C}onsensus {P}rotocol},
  booktitle =    {Proceedings of the 3rd Symposium on Principles of Distributed Computing (PODC)},
  OPTcrossref =  {},
  OPTkey =   {},
  pages =    {154-162},
  year =     {1984},
  OPTeditor =    {},
  OPTvolume =    {},
  OPTnumber =    {},
  OPTseries =    {},
  OPTaddress =   {},
  OPTmonth =     {},
  OPTorganization = {},
  OPTpublisher = {ACM Press},
  OPTnote =      {},
  OPTannote =    {}
}

@InProceedings{Y86:HtGaES,
  author =   {Andrew Chi-Chih Yao},
  title =    {{H}ow to {G}enerate and {E}xchange {S}ecrets},
  booktitle =    {Proceedings of the 26th Symposium on Foundations of Computer Science (FOCS)},
  OPTcrossref =  {},
  OPTkey =   {},
  pages =    {162-167},
  year =     {1986},
  OPTeditor =    {},
  OPTvolume =    {},
  OPTnumber =    {},
  OPTseries =    {},
  OPTaddress =   {},
  OPTmonth =     {},
  OPTorganization = {},
  publisher = {IEEE},
  OPTnote =      {},
  OPTannote =    {}
}

@InProceedings{GHY87:CC:SFPatPM,
  author =   {Z.~Galil and S.~Haber and M.~Yung},
  title =    {{C}ryptographic {C}omputation: {S}ecure {F}ault-tolerant {P}rotocols and the {P}ublic-key {M}odel},
  booktitle =    {Proceedings of Advances in Cryptography - {CRYPTO'87}},
  OPTcrossref =  {},
  OPTkey =   {},
  pages =    {135-155},
  year =     {1987},
  OPTeditor =    {},
  volume =   {293},
  OPTnumber =    {},
  series =   {Lecture Notes in Computer Science},
  OPTaddress =   {},
  OPTmonth =     {},
  OPTorganization = {},
  publisher = {Springer-Verlag},
  OPTnote =      {},
  OPTannote =    {}
}

@InProceedings{CCD88:MUSP,
  author =   {D. Chaum and C. Crepeau and I. Damgard},
  title =    {{M}ulti-party {U}nconditionally {S}ecure {P}rotocols},
  booktitle =    {Proceedings of 20th Symposium on Theory of Computing (STOC)},
  OPTcrossref =  {},
  OPTkey =   {},
  pages =    {11-19},
  year =     {1988},
  OPTeditor =    {},
  OPTvolume =    {},
  OPTnumber =    {},
  OPTseries =    {},
  OPTaddress =   {},
  OPTmonth =     {},
  OPTorganization = {},
  publisher = {ACM Press},
  OPTnote =      {},
  OPTannote =    {}
}

@InProceedings{BGP89:TODC,
  author =   {P. Berman and J. A. Garay and K. J. Perry},
  title =    {{T}owards {O}ptimal {D}istributed {C}onsensus},
  booktitle =    {Proceedings of the 21st IEEE Symposium on Foundations of Computer Science (FOCS)},
  OPTcrossref =  {},
  OPTkey =   {},
  pages =    {410-415},
  year =     {1989},
  OPTeditor =    {},
  OPTvolume =    {},
  OPTnumber =    {},
  OPTseries =    {},
  OPTaddress =   {},
  OPTmonth =     {},
  OPTorganization = {},
  OPTpublisher = {},
  OPTnote =      {Expanded Version: Bit Optimal Distributed Consensus. In {\it Computer Science Research}, 1992},
  OPTannote =    {}
}

@InProceedings{GL90:FCoGFiPoIM,
  author =   {S. Goldwasser and L. A. Levin},
  title =    {{F}air {C}omputation of {G}eneral {F}unctions in {P}resence of
  {I}mmoral {M}ajority},
  booktitle =    {Proceedings of Advances in Cryptology - CRYPTO'90},
  OPTcrossref =  {},
  OPTkey =   {},
  pages =    {77-93},
  year =     {1990},
  OPTeditor =    {},
  volume =   {537},
  OPTnumber =    {},
  OPTseries =    {Lecture Notes in Computer Science (LNCS)},
  OPTaddress =   {},
  OPTmonth =     {},
  OPTorganization = {},
  publisher = {Springer-Verlag},
  OPTnote =      {},
  OPTannote =    {}
}
@inproceedings{Beaver91,
  author    = {Donald Beaver},
  title     = {Foundations of Secure Interactive Computing},
  booktitle = {Advances in Cryptology - CRYPTO '91, 11th Annual International
               Cryptology Conference, Santa Barbara, California, USA, August
               11-15},
  year      =  {1991},
  pages     = {377-391},
  ee        = {http://link.springer.de/link/service/series/0558/bibs/0576/05760377.htm},
  OPTcrossref =  {},
}


@inproceedings{MicaliR91,
  author    = {Silvio Micali and
               Phillip Rogaway},
  title     = {Secure Computation (Abstract)},
  booktitle = {Proceedings of Advances in Cryptology - CRYPTO '91, 11th Annual International
               Cryptology Conference, Santa Barbara, California, USA, August
               11-15},
  year      = {1991},
  pages     = {392-404},
  ee        = {http://link.springer.de/link/service/series/0558/bibs/0576/05760392.htm},
  OPTcrossref =  {},
  bibsource = {DBLP, http://dblp.uni-trier.de}
}



@InProceedings{B91b:EMPuCR,
  author =   {D. Beaver},
  title =    {{E}fficient {M}ulti-party {P}rotocols using {C}ircuit {R}andomization},
  booktitle =    {Proceedings of Advances in Cryptology - CRYPTO '91, 1th Annual International
               Cryptology Conference, Santa Barbara, California, USA, August
               11-15},
  year      = {1991},
  OPTcrossref =  {},
  OPTkey =   {},
  pages =    {420--432},
  OPTeditor =    {},
  volume =   {576},
  OPTnumber =    {},
  series =   {Lecture Notes in Computer Science (LNCS)},
  OPTaddress =   {},
  OPTmonth =     {},
  OPTorganization = {},
  publisher = {Springer-Verlag},
  OPTnote =      {},
  OPTannote =    {}
}

@Article{BDDS92:SG:CAonFtEBA,
  author =   {A. Bar{-N}oy and D. Dolev and C. Dwork and H. R. Strong},
  title =    {{S}hifting {G}ears: {C}hanging {A}lgorithms on the {F}ly to {E}xpediate {B}yzantine {A}greement},
  journal =  {Information and Computation},
  year =     {1992},
  OPTkey =   {},
  volume =   {97},
  number =   {2},
  pages =    {205-233},
  month =    {April},
  OPTnote =      {},
  OPTannote =    {}
}

@PhdThesis{F93:CaSoDP,
  author =   {M.K. Franklin},
  title =    {Complexity and Security of Distributed Protocols},
  school =   {Columbia University},
  year =     {1993},
  OPTkey =   {},
  OPTtype =      {},
  OPTaddress =   {},
  OPTmonth =     {},
  OPTnote =      {},
  OPTannote =    {}
}


@InProceedings{BKR94:ASCwOR,
  author =   {M. Ben{-O}r and B. Kelmer and T. Rabin},
  title =    {{A}synchronous {S}ecure {C}omputation with {O}ptimal {R}esilience},
  booktitle =    {Proceedings of 13th Symposium on Principle of Distributed Computing (PODC)},
  OPTcrossref =  {},
  OPTkey =   {},
  pages =    {183-192},
  year =     {1994},
  OPTeditor =    {},
  OPTvolume =    {},
  OPTnumber =    {},
  OPTseries =    {},
  OPTaddress =   {},
  OPTmonth =     {},
  OPTorganization = {},
  publisher = {ACM Press},
  OPTnote =      {},
  OPTannote =    {}
}

@InProceedings{FW98:SCiMCM,
  author =   {M. Franklin and R. N. Wright},
  title =    {{S}ecure {C}ommunication in {M}inimal {C}onnectivity {M}odels},
  booktitle =    {Proceedings of Advances in Cryptology EUROCRYPT '98},
  OPTcrossref =  {},
  OPTkey =   {},
  pages =    {346--360},
  year =     {1998},
  OPTeditor =    {},
  volume =   {1403},
  OPTnumber =    {},
  series =   {Lecture Notes in Computer Science (LNCS)},
  OPTaddress =   {},
  OPTmonth =     {},
  OPTorganization = {},
  publisher = {Springer-Verlag},
  OPTnote =      {},
  OPTannote =    {}
}

@InProceedings{CDDHR99:EMCSAaAA,
  author =   {R.~Cramer and I.~Damgard and S.~Dziembowski and M.~Hirt and T.~Rabin},
  title =    {{E}fficient {M}ulti-party {C}omputations {S}ecure {A}gainst an
  {A}daptive {A}dversary},
  booktitle =    {Proceedings of Advances in Crytology-EUROCRYPT '99},
  OPTcrossref =  {},
  OPTkey =   {},
  pages =    {311-326},
  year =     {1999},
  OPTeditor =    {},
  volume =   {1592},
  OPTnumber =    {},
  series =   {Lecture Notes in Computer Science (LNCS)},
  OPTaddress =   {},
  OPTmonth =     {},
  OPTorganization = {},
  OPTpublisher = {},
  OPTnote =      {},
  OPTannote =    {}
}

@InProceedings{DW02:PSMTR,
  author =   {Y. Desmedt and Y. Wang},
  title =    {{P}erfectly {S}ecure {M}essage {T}ransmission {R}evisited},
  booktitle =    {Proceedings of Advances in Cryptology EUROCRYPT '02},
  OPTcrossref =  {},
  OPTkey =   {},
  pages =    {502--517},
  year =     {2002},
  OPTeditor =    {},
  volume =   {2332},
  OPTnumber =    {},
  series =   {Lecture Notes in Computer Science (LNCS)},
  OPTaddress =   {},
  OPTmonth =     {},
  OPTorganization = {},
  publisher = {Springer-Verlag},
  OPTnote =      {},
  OPTannote =    {}
}

@InProceedings{KS00:TaDoS,
  author =   {J.~Knight and K.~Sullivan},
  title =    {{T}owards a {D}efinition of {S}urvivability},
  OPTcrossref =  {},
  OPTkey =   {},
  booktitle = {Proceedings of the 3rd Information Survivability Workshop (ISW)},
  pages =    {85--89},
  year =     {2000},
  OPTeditor =    {},
  OPTvolume =    {},
  OPTnumber =    {},
  OPTseries =    {},
  OPTaddress =   {},
  month =    {October},
  OPTorganization = {},
  OPTpublisher = {},
  OPTnote =      {},
  OPTannote =    {}
}

@Misc{Z04:S:BFTaC,
  OPTkey =   {},
  author =   {L.~Zhou},
  title =    {{S}urvivability: {B}eyond {F}ault {T}olerance and {C}ryptography },
  url   =        {http://www.cs.utexas.edu/users/lorenzo/sos/SOS/zhou.pdf},
  howpublished = {Softcopy available at http://www.cs.utexas.edu/users/lorenzo/sos/SOS/zhou.pdf},
  OPTmonth =     {},
  OPTyear =      {},
  OPTnote =      {},
  OPTannote =    {}
}

@Article{MPSV99:WTSSS,
  author =   {P.~Morillo and C.~Padro and G.~Saez and J.~L.~Villar},
  title =    {{W}eighted {T}hreshold {S}ecret {S}haring {S}chemes},
  journal =      {Information Processing Letters},
  year =     {1999},
  OPTkey =   {},
  volume =   {70},
  OPTnumber =    {},
  pages =    {211--216},
  OPTmonth =     {},
  OPTnote =      {},
  OPTannote =    {}
}

@InProceedings{SRK01:TOPWiSDP,
  author =   {K.~Srinathan and C.~Pandu Rangan and V.~Kamakoti},
  title =    {{T}oward {O}ptimal {P}layer {W}eights in {S}ecure {D}istributed {P}rotocols},
  booktitle =    {Proceedings of Progress in Cryptology - INDOCRYPT '01},
  OPTcrossref =  {},
  OPTkey =   {},
  pages =    {232--241},
  year =     {2001},
  OPTeditor =    {},
  volume =   {2247},
  OPTnumber =    {},
  series =   {Lecture Notes in Computer Science (LNCS)},
  OPTaddress =   {},
  OPTmonth =     {},
  OPTorganization = {},
  publisher = {Springer--Verlag},
  OPTnote =      {},
  OPTannote =    {}
}

@InProceedings{HM97:CCoATiSMC,
  author =   {M. Hirt and U. Maurer},
  title =    {{C}omplete {C}haracterization of {A}dversaries {T}olerable
  in {S}ecure {M}ulti-party {C}omputation},
  booktitle =    {Proceedings of the 16th Symposium on Principles of Distributed Computing (PODC)},
  OPTcrossref =  {},
  OPTkey =   {},
  pages =    {25-34},
  year =     {1997},
  OPTeditor =    {},
  OPTvolume =    {},
  OPTnumber =    {},
  OPTseries =    {},
  OPTaddress =   {},
  month =    {August},
  OPTorganization = {},
  publisher = {ACM Press},
  OPTnote =      {},
  OPTannote =    {}
}

@Article{HM00:PSaGASiPMC,
  author =   {M. Hirt and U. Maurer},
  title =    {{P}layer {S}imulation and {G}eneral {A}dversary {S}tructures in {P}erfect {M}ulti-party {C}omputation},
  journal =      {Journal of Cryptology},
  year =     {2000},
  OPTkey =   {},
  volume =   {13},
  number =   {1},
  pages =    {31-60},
  month =    {April},
  OPTnote =      {},
  OPTannote =    {}
}

@InProceedings{KGSR02:oPSCoAN,
  author =   {M.V.N.A. Kumar and P.~R. Goundan and K.~Srinathan and C.~Pandu Rangan},
  title =    {On Perfectly Secure Communication over Arbitrary Networks},
  booktitle =    {Proceedings of the 21st Symposium on Principles of Distributed Computing (PODC)},
  OPTcrossref =  {},
  OPTkey =   {},
  pages =    {193--202},
  year =     {2002},
  OPTeditor =    {},
  OPTvolume =    {},
  OPTnumber =    {},
  OPTseries =    {},
  address =      {Monterey, California, USA},
  month =    {July},
  OPTorganization = {},
  publisher = {ACM Press},
  OPTnote =      {},
  OPTannote =    {}
}

@InProceedings{SR00:TGMAiSMC,
  author =   {K. Srinathan and C. Pandu Rangan},
  title =    {{T}olerating {G}eneralized {M}obile {A}dversaries in {S}ecure {M}ulti-party {C}omputation},
  booktitle =    {Proceedings of Progress in Cryptology - INDOCRYPT '00},
  OPTcrossref =  {},
  OPTkey =   {},
  pages =    {130--143},
  year =     {2000},
  OPTeditor =    {},
  volume =   {1977},
  OPTnumber =    {},
  series =   {Lecture Notes in Computer Science (LNCS)},
  OPTaddress =   {},
  month =    {December},
  OPTorganization = {},
  publisher = {Springer-Verlag},
  note =     {},
  OPTannote =    {}
}

@Article{KL86:AEEotAoIiMP,
  author =   {J.~Knight and N.~G.~Leveson},
  title =    {{A}n {E}xperimental {E}valuation of the {A}ssumption of
              {I}ndependence in {M}ulti-version {P}rogramming},
  journal =      {IEEE Transactions on Software Engineering},
  year =     {1986},
  OPTkey =   {},
  volume =   {SE--12},
  number =   {1},
  pages =    {96--109},
  month =    {January},
  OPTnote =      {},
  OPTannote =    {}
}

@InProceedings{FSA97:BDCS,
  author =   {S.~Forrest and A.~Somayaji and D.~Ackley},
  title =    {{B}uilding {D}iverse {C}omputer {S}ystems},
  OPTcrossref =  {},
  OPTkey =   {},
  booktitle = {Proceedings of the 6th Workshop on Hot Topics in Operating Systems},
  pages =    {67--72},
  year =     {1997},
  OPTeditor =    {},
  OPTvolume =    {},
  OPTnumber =    {},
  OPTseries =    {},
  address =      {Cape Cod, MA},
  month =    {May},
  OPTorganization = {},
  publisher = {Computer Society Press},
  OPTnote =      {},
  OPTannote =    {}
}

@Article{MP91:CwDFM,
  author =   {F.~J.~Meyer and D.~K.~Pradhan},
  title =    {{C}onsensus with {D}ual {F}ailure {M}odes},
  journal =      {{IEEE} Transactions on Parallel and Distributed Systems},
  year =     {1991},
  OPTkey =   {},
  volume =   {2},
  number =   {2},
  pages =    {214--222},
  month =    {April},
  OPTnote =      {},
  OPTannote =    {}
}

@InProceedings{FHM98:TCfPiUMC,
  author =   {M. Fitzi and M. Hirt and U. Maurer},
  title =    {{T}rading {C}orrectness for {P}rivacy in {U}nconditional Multi-party {C}omputation},
  booktitle =    {Proceedings of Advances in Cryptology CRYPTO '98},
  OPTcrossref =  {},
  OPTkey =   {},
  pages =    {121 -- 136},
  year =     {1998},
  OPTeditor =    {},
  volume =   {1462},
  OPTnumber =    {},
  series =   {Lecture Notes in Computer Science},
  OPTaddress =   {},
  OPTmonth =     {},
  OPTorganization = {},
  publisher = {Springer-Verlag},
  OPTnote =      {},
  OPTannote =    {}
}

@Article{A85:tCoNS,
  author =   {B. Awerbuch},
  title =    {{T}he {C}omplexity of {N}etwork {S}ynchronization},
  journal =      {Journal of the ACM},
  year =     {1985},
  OPTkey =   {},
  volume =   {32},
  number =   {4},
  pages =    {804-823},
  OPTmonth =     {},
  OPTnote =      {},
  OPTannote =    {}
}


@inproceedings{FHM99:GAiUMC,
 author = {M.~Fitzi and M.~Hirt and U.~M. Maurer},
 title = {{G}eneral {A}dversaries in {U}nconditional {M}ulti-party {C}omputation},
 booktitle = {Proceedings of ASIACRYPT '99},
 year = {1999},
 isbn = {3-540-66666-4},
 pages = {232--246},
 volume =    {1716},
 series =    {Lecture Notes in Computer Science},
 publisher = {Springer-Verlag},
 }

@InProceedings{AFM99:BASaGAitDFM,
  author =   {B.~Altmann and M.~Fitzi and U.~M. Maurer},
  title =    {{B}yzantine {A}greement {S}ecure against {G}eneral {A}dversaries in the {D}ual {F}ailure {M}odel.},
  OPTcrossref =  {},
  OPTkey =   {},
  booktitle = {Proceedings of the 13th International Symposium on Distributed Computing -- DISC '99},
  pages =    {123-137},
  year =     {1999},
  OPTeditor =    {Prasad Jayanti},
  volume =   {1693},
  OPTnumber =    {},
  series =   {Lecture Notes in Computer Science},
  address =      {Bratislava, Slavak Republic},
  month =    {September},
  OPTorganization = {},
  publisher = {Springer-Verlag},
  OPTnote =      {},
  OPTannote =    {}
}

@inproceedings{GP92:aCoFMfDC,
 author = {J. A. Garay and K. J. Perry},
 title = {{A} {C}ontinuum of {F}ailure {M}odels for {D}istributed {C}omputing},
 booktitle = {Proceedings of the 6th International Workshop on Distributed Algorithms},
 year = {1992},
 isbn = {3-540-56188-9},
 pages = {153--165},
 volume =  {647},
 series = {Lecture Notes in Computer Science (LNCS)},
 publisher = {Springer-Verlag},
 }

@Article{DDWY93:PSMT,
  author =   {D. Dolev and C. Dwork and O. Waarts and M. Yung},
  title =    {Perfectly {S}ecure {M}essage {T}ransmission},
  journal =  {Journal of the Association for Computing Machinery (JACM)},
  year =     {1993},
  OPTkey =   {},
  volume =   {40},
  number =   {1},
  pages =    {17--47},
  month =    {January},
  OPTnote =      {Local copy is at  10.6.10.2/home/meenakshi/phd/srinath/research/Literature/SecureCommunication/DDWY93: Perfectly Secure Message Transmission.pdf},
  OPTannote =    {}
}

@inproceedings{SKR02:ASCTMA,
 author = {K. Srinathan and M.V.N.A. Kumar and C. Pandu Rangan},
 title = {{A}synchronous {S}ecure {C}ommunication {T}olerating {M}ixed {A}dversaries},
 booktitle = {Proceedings of ASIACRYPT '02},
 year = {2002},
 isbn = {3-540-00171-9},
 pages = {224--242},
 volume =    {2501},
 series =    {Lecture Notes in Computer Science},
 publisher = {Springer-Verlag},
 }

@InProceedings{OY91:HtWMVA,
  author =   {R. Ostrovsky and M. Yung},
  title =    {{H}ow to {W}ithstand {M}obile {V}irus {A}ttacks},
  booktitle =    {Proceedings of the 10th Symposium on Principles
  of Distributed Computing (PODC)},
  OPTcrossref =  {},
  OPTkey =   {},
  pages =    {51-61},
  year =     {1991},
  OPTeditor =    {},
  OPTvolume =    {},
  OPTnumber =    {},
  OPTseries =    {},
  OPTaddress =   {},
  OPTmonth =     {},
  OPTorganization = {},
  publisher = {ACM Press},
  OPTnote =      {},
  OPTannote =    {}
}

@InProceedings{HJJKY97:PPKaSS,
  author =   {A. Herzberg and M. Jakobson and S. Jarecki and H. Krawczyk and M. Yung},
  title =    {{P}roactive {P}ublic {K}ey and {S}ignature {S}ystems},
  booktitle =    {Proceedings of 4th Conference on Computer and
  Communications Security},
  OPTcrossref =  {},
  OPTkey =   {},
  pages =    {100--110},
  year =     {1997},
  OPTeditor =    {},
  OPTvolume =    {},
  OPTnumber =    {},
  OPTseries =    {},
  address =      {Zurich, Switzerland},
  month =    {April},
  OPTorganization = {},
  publisher = {ACM Press},
  OPTnote =      {},
  OPTannote =    {}
}

@InProceedings{HJKY95:PSS,
  author =   {A. Herzberg and S. Jarecki and H. Krawczyk and M. Yung},
  title =    {{P}roactive {S}ecret {S}haring, or: {H}ow to {C}ope with
  {P}erpetual {L}eakage},
  booktitle =    {Proceedings of Advances in Cryptology - CRYPTO 95},
  OPTcrossref =  {},
  OPTkey =   {},
  pages =    {339-352},
  year =     {1995},
  editor =   {D. Coppersmith},
  volume =   {963},
  OPTnumber =    {},
  series =   {Lecture Notes in Computer Science (LNCS)},
  OPTaddress =   {},
  OPTmonth =     {},
  OPTorganization = {},
  publisher = {Springer-Verlag},
  OPTnote =      {},
  OPTannote =    {}
}

@InProceedings{CH94:MSitPoTF,
  author =   {R. Canetti and A. Herzberg},
  title =    {{M}aintaining {S}ecurity in the {P}resence of {T}ransient {F}aults},
  booktitle =    {Proceedings of Advances in Cryptology - CRYPTO 94},
  OPTcrossref =  {},
  OPTkey =   {},
  pages =    {425-438},
  year =     {1994},
  editor =   {Y. Desmedt},
  volume =   {839},
  OPTnumber =    {},
  series =   {Lecture Notes in Computer Science (LNCS)},
  OPTaddress =   {},
  OPTmonth =     {},
  OPTorganization = {},
  publisher = {Springer-Verlag},
  OPTnote =      {},
  OPTannote =    {}
}

@Article{B87:otRoCFDCS,
  author =   {O.~Babaoglu},
  title =    {{O}n the {R}eliability of {C}onsensus-based {F}ault-tolerant {D}istributed {S}ystems},
  journal =      {ACM Transactions on Computing Systems},
  year =     {1987},
  OPTkey =   {},
  volume =   {5},
  number =   {4},
  pages =    {394--416},
  OPTmonth =     {},
  OPTnote =      {},
  OPTannote =    {}
}

@InProceedings{G94:RAitPoMF,
  author =   {J.~A.~Garay},
  title =    {{R}eaching (and {M}aintaining) {A}greement in the {P}resence of {M}obile {F}aults},
  OPTcrossref =  {},
  OPTkey =   {},
  booktitle = {Proceedings of the 8th International Workshop on Distributed
Algorithms -- WDAG '94},
  pages =    {253--264},
  year =     {1994},
  OPTeditor =    {},
  volume =   {857},
  OPTnumber =    {},
  series =   {Lecture Notes in Computer Science (LNCS)},
  OPTaddress =   {},
  OPTmonth =     {},
  OPTorganization = {},
  OPTpublisher = {},
  OPTnote =      {},
  OPTannote =    {}
}

@InProceedings{PS04:NNoS:AUCwTS,
  author =   {M.~Prabhakaran and A.~Sahai},
  title =    {{N}ew {N}otions of {S}ecurity: {A}chieving {U}niversal {C}omposability without {T}rusted {S}etup},
  OPTcrossref =  {},
  OPTkey =   {},
  booktitle = {Proceedings of the 36th Symposium on Theory of Computing (STOC)},
  pages =    {242--251},
  year =     {2004},
  OPTeditor =    {},
  OPTvolume =    {},
  OPTnumber =    {},
  OPTseries =    {},
  OPTaddress =   {},
  month =    {June 13--15},
  OPTorganization = {},
  publisher = {ACM Press},
  OPTnote =      {},
  OPTannote =    {}
}

@InProceedings{CK02:UCNoKEaSC,
  author =   {R.~Canetti and H.~Krawczyk},
  title =    {{U}niversally {C}omposable {N}otions of {K}ey {E}xchange and {S}ecure {C}hannels},
  OPTcrossref =  {},
  OPTkey =   {},
  booktitle = {Proceedings of Advances in Cryptology - EUROCRYPT '02},
  pages =    {337--351},
  year =     {2002},
  OPTeditor =    {},
  volume =   {2332},
  OPTnumber =    {},
  series =   {Lecture Notes in Computer Science (LNCS)},
  OPTaddress =   {},
  OPTmonth =     {},
  OPTorganization = {},
  publisher = {Springer-Verlag},
  OPTnote =      {},
  OPTannote =    {}
}

@InProceedings{CDM00:EGSMCfaLSSS,
  author =   {R. Cramer and I. Damgard and U. Maurer},
  title =    {{E}fficient {G}eneral {S}ecure {M}ultiparty {C}omputation from
  any {L}inear {S}ecret {S}haring {S}cheme},
  booktitle =    {Proceedings of Advances in Cryptology -- EUROCRYPT'00},
  OPTcrossref =  {},
  OPTkey =   {},
  pages =    {316--334},
  year =     {2000},
  OPTeditor =    {},
  volume =   {1807},
  OPTnumber =    {},
  series =   {Lecture Notes in Computer Science},
  OPTaddress =   {},
  OPTmonth =     {},
  OPTorganization = {},
  publisher = {Springer-Verlag},
  OPTnote =      {},
  annote =   {}
}


@inproceedings{FM00:FPCtGB,
    author = "M. Fitzi and U. Maurer",
    title = "{F}rom {P}artial {C}onsistency to {G}lobal {B}roadcast",
    booktitle = "Proceedings of the 32nd Symposium on Theory of Computing",
    pages = "494--503",
    year = "2000",
    publisher = "ACM Press",
    url = "citeseer.nj.nec.com/416890.html"
}

@Article{DH76:NDiC,
  author =   {W. Diffie and M. E. Hellman},
  title =    {{N}ew {D}irections in {C}ryptography},
  journal =      {IEEE Transactions on Information Theory},
  year =     {1976},
  OPTkey =   {},
  volume =   {IT-22},
  OPTnumber =    {},
  pages =    {644-654},
  month =    {November},
  OPTnote =      {},
  OPTannote =    {}
}

@Article{RSA78:AMfODSaPKC,
  author =   {R. Rivest and A. Shamir and L. Adleman},
  title =    {{A} {M}ethod for {O}btaining {D}igital {S}ignatures and {P}ublic {K}ey {C}ryptosystems},
  journal =      {Communications of the ACM},
  year =     {1978},
  OPTkey =   {},
  volume =   {21},
  OPTnumber =    {},
  pages =    {120-126},
  month =    {February},
  OPTnote =      {},
  OPTannote =    {}
}

@Article{W75:TWTC,
  author =   {A. D. Wyner},
  title =    {{T}he {W}ire-tap {C}hannel},
  journal =      {Bell System Technical Journal},
  year =     {1975},
  OPTkey =   {},
  volume =   {54},
  number =   {8},
  pages =    {1355--1387},
  OPTmonth =     {},
  OPTnote =      {},
  OPTannote =    {}
}

@Article{CK78:BCwCM,
  author =   {I. Csiszar and J. Korner},
  title =    {{B}roadcast {C}hannels with {C}onfidential {M}essages},
  journal =      {IEEE Transactions on Information Theory},
  year =     {1978},
  OPTkey =   {},
  volume =   {IT-24},
  OPTnumber =    {},
  pages =    {339--348},
  OPTmonth =     {},
  OPTnote =      {},
  OPTannote =    {}
}

@Article{M93:SKAbPDfCI,
  author =   {U. Maurer},
  title =    {{S}ecret {K}ey {A}greement by {P}ublic {D}iscussion from {C}ommon {I}nformation},
  journal =      {IEEE Transactions on Information Theory},
  year =     {1993},
  OPTkey =   {},
  volume =   {39},
  number =   {3},
  pages =    {733--742},
  OPTmonth =     {},
  OPTnote =      {},
  OPTannote =    {}
}

@Article{M92:CPSaaPSRC,
  author =   {U. Maurer},
  title =    {{C}onditionally-{P}erfect {S}ecrecy and a {P}rovably-{S}ecure {R}andomized {C}ipher},
  journal =      {Journal of Cryptology},
  year =     {1992},
  OPTkey =   {},
  volume =   {5},
  OPTnumber =    {},
  pages =    {53--66},
  OPTmonth =     {},
  OPTnote =      {Springer--Verlag},
  OPTannote =    {}
}

@InProceedings{CM97:USAMBA,
  author =   {C. Cachin and U. Maurer},
  title =    {{U}nconditional {S}ecurity {A}gainst {M}emory-{B}ounded {A}dversaries},
  booktitle =    {Proceedings of Advances in Cryptology CRYPTO '97},
  OPTcrossref =  {},
  OPTkey =   {},
  pages =    {292 -- 306},
  year =     {1997},
  OPTeditor =    {},
  volume =   {1294},
  OPTnumber =    {},
  series =   {Lecture Notes in Computer Science},
  OPTaddress =   {},
  OPTmonth =     {},
  OPTorganization = {},
  publisher = {Springer-Verlag},
  OPTnote =      {},
  OPTannote =    {}
}

@InProceedings{BB84:QC:PKDaCT,
  author =   {C. H. Bennett and G. Brassard},
  title =    {{Q}uantum {C}ryptography: {P}ublic {K}ey {D}istribution and {C}oin {T}ossing},
  OPTcrossref =  {},
  OPTkey =   {},
  booktitle =  {Proceedings of IEEE International Conference on Computers, Systems and Signal Processing},
  pages =    {175--179},
  year =     {1984},
  OPTeditor =    {},
  OPTvolume =    {},
  OPTnumber =    {},
  OPTseries =    {},
  OPTaddress =   {},
  OPTmonth =     {},
  OPTorganization = {},
  OPTpublisher = {},
  OPTnote =      {},
  OPTannote =    {}
}

@Article{BBBSS92:EQC,
  author =   {C. H. Bennett and F. Bessette and G. Brassard and L. Salvail and J. Smolin},
  title =    {{E}xperimental {Q}uantum {C}ryptography},
  journal =      {Journal of Cryptology},
  year =     {1992},
  OPTkey =   {},
  volume =   {5},
  number =   {1},
  pages =    {3--28},
  OPTmonth =     {},
  OPTnote =      {Springer--Verlag},
  OPTannote =    {}
}

@InProceedings{CF01:UCC,
  author =   {R. Canetti and M. Fischlin},
  title =    {{U}niversally {C}omposable {C}ommitments},
  booktitle =    {Proceedings of Advances in Cryptology CRYPTO '01},
  OPTcrossref =  {},
  OPTkey =   {},
  pages =    {19 -- 40},
  year =     {2001},
  OPTeditor =    {},
  volume =   {2139},
  OPTnumber =    {},
  series =   {Lecture Notes in Computer Science},
  OPTaddress =   {},
  OPTmonth =     {},
  OPTorganization = {},
  publisher = {Springer-Verlag},
  OPTnote =      {},
  OPTannote =    {}
}

@InProceedings{DDOPS01:RNZK,
  author =   {A. deSantis and G. Di Crescenzo and R. Ostrovsky and G. Persiano and A. Sahai},
  title =    {{N}on-interactive {Z}ero-{K}nowledge},
  booktitle =    {Proceedings of Advances in Cryptology CRYPTO '01},
  OPTcrossref =  {},
  OPTkey =   {},
  pages =    {566 -- 598},
  year =     {2001},
  OPTeditor =    {},
  volume =   {2139},
  OPTnumber =    {},
  series =   {Lecture Notes in Computer Science},
  OPTaddress =   {},
  OPTmonth =     {},
  OPTorganization = {},
  publisher = {Springer-Verlag},
  OPTnote =      {},
  OPTannote =    {}
}

@article{canetti00security,
    author = "Ran Canetti",
    title = "Security and Composition of Multiparty Cryptographic Protocols",
    journal = "Journal of Cryptology: the journal of the International Association for Cryptologic Research",
    volume = "13",
    number = "1",
    pages = "143--202",
    year = "2000",
    url = "citeseer.ist.psu.edu/article/canetti99security.html"
}


@article{goldreich93uniformcomplexity,
    author = "Oded Goldreich",
    title = "A Uniform-Complexity Treatment of Encryption and Zero-Knowledge",
    journal = "Journal of Cryptology",
    volume = "6",
    number = "1",
    pages = "21--53",
    year = "1993",
    url = "citeseer.ist.psu.edu/goldreich91uniformcomplexity.html"
}

@inproceedings{Kilian88,
 author = {Joe Kilian},
 title = {Founding crytpography on oblivious transfer},
 booktitle = {STOC '88: Proceedings of the twentieth annual ACM symposium on Theory of computing},
 year = {1988},
 isbn = {0-89791-264-0},
 pages = {20--31},
 location = {Chicago, Illinois, United States},
 doi = {http://doi.acm.org/10.1145/62212.62215},
 publisher = {ACM Press},
 address = {New York, NY, USA},
}

@inproceedings{Bar89,
 author = {J. Bar-Ilan and D. Beaver},
 title = {Non-cryptographic fault-tolerant computing in constant number of rounds of interaction},
 booktitle = {PODC '89: Proceedings of the eighth annual ACM Symposium on Principles of distributed computing},
 year = {1989},
 isbn = {0-89791-326-4},
 pages = {201--209},
 location = {Edmonton, Alberta, Canada},
 doi = {http://doi.acm.org/10.1145/72981.72995},
 publisher = {ACM Press},
 address = {New York, NY, USA},
 }

@inproceedings{Feige94,
 author = {Uri Feige and Joe Killian and Moni Naor},
 title = {A minimal model for secure computation (extended abstract)},
 booktitle = {STOC '94: Proceedings of the twenty-sixth annual ACM symposium on Theory of computing},
 year = {1994},
 isbn = {0-89791-663-8},
 pages = {554--563},
 location = {Montreal, Quebec, Canada},
 doi = {http://doi.acm.org/10.1145/195058.195408},
 publisher = {ACM Press},
 address = {New York, NY, USA},
}

@inproceedings{IshaiK97,
 author = {Yuval Ishai and Eyal Kushilevitz},
 title = {Private Simultaneous Messages Protocols with Applications},
 booktitle = {ISTCS '97: Proceedings of the Fifth Israel Symposium on the Theory of Computing Systems (ISTCS '97)},
 year = {1997},
 isbn = {0-8186-8037-7},
 pages = {174},
 publisher = {IEEE Computer Society},
 address = {Washington, DC, USA},
 }

@inproceedings{BeaverFKR90,
 author = {Donald Beaver and Joan Feigenbaum and Joe Kilian and Phillip Rogaway},
 title = {Security with Low Communication Overhead},
 booktitle = {CRYPTO '90: Proceedings of the 10th Annual International Cryptology Conference on Advances in Cryptology},
 year = {1991},
 isbn = {3-540-54508-5},
 pages = {62--76},
 publisher = {Springer-Verlag},
 address = {London, UK},
 }

 @inproceedings{IshaiK00,
 author = {Y. Ishai and E. Kushilevitz},
 title = {Randomizing polynomials: A new representation with applications to round-efficient secure computation},
 booktitle = {FOCS '00: Proceedings of the 41st Annual Symposium on Foundations of Computer Science},
 year = {2000},
 isbn = {0-7695-0850-2},
 pages = {294},
 publisher = {IEEE Computer Society},
 address = {Washington, DC, USA},
 }

 @inproceedings{Rafail:SELE,
 author = {Rafail Ostrovsky and Sridhar Rajagopalan and Umesh Vazirani},
 title = {Simple and efficient leader election in the full information model},
 booktitle = {STOC '94: Proceedings of the twenty-sixth annual ACM symposium on Theory of computing},
 year = {1994},
 isbn = {0-89791-663-8},
 pages = {234--242},
 location = {Montreal, Quebec, Canada},
 doi = {http://doi.acm.org/10.1145/195058.195141},
 publisher = {ACM Press},
 address = {New York, NY, USA},
 }

@inproceedings{Feige:NonCrySelPr,
 author = {Uriel Feige},
 title = {Noncryptographic Selection Protocols},
 booktitle = {FOCS '99: Proceedings of the 40th Annual Symposium on Foundations of Computer Science},
 year = {1999},
 isbn = {0-7695-0409-4},
 pages = {142},
 publisher = {IEEE Computer Society},
 address = {Washington, DC, USA},
 }

@inproceedings{RussellSakZucker99,
 author = {Alexander Russell and Michael Saks and David Zuckerman},
 title = {Lower bounds for leader election and collective coin-flipping in the perfect information model},
 booktitle = {STOC '99: Proceedings of the thirty-first annual ACM symposium on Theory of computing},
 year = {1999},
 isbn = {1-58113-067-8},
 pages = {339--347},
 location = {Atlanta, Georgia, United States},
 doi = {http://doi.acm.org/10.1145/301250.301337},
 publisher = {ACM Press},
 address = {New York, NY, USA},
}

@inproceedings{BenPavlovVinod06,
 author = {Michael Ben-Or and Elan Pavlov and Vinod Vaikuntanathan},
 title = {Byzantine agreement in the full-information model in O(log n) rounds},
 booktitle = {STOC '06: Proceedings of the thirty-eighth annual ACM symposium on Theory of computing},
 year = {2006},
 isbn = {1-59593-134-1},
 pages = {179--186},
 location = {Seattle, WA, USA},
 doi = {http://doi.acm.org/10.1145/1132516.1132543},
 publisher = {ACM Press},
 address = {New York, NY, USA},
 }

@inproceedings{BenLinial:85,
author = {Michael Ben-Or and Nathan Linial},
title = {Collective coin flipping, robust voting schemes and minima of Banzhaf values},
booktitle = {FOCS 1985: 6th Annual Symposium on Foundations of Computer Science},
year = {1985},
pages = {408--416},
ocation = {Portland, Oregon, USA},
publisher = {IEEE Computer Society},
address = {Washington, DC, USA},
}

@inproceedings{CanettiFGN:ASMPC,
 author = {Ran Canetti and Uri Feige and Oded Goldreich and Moni Naor},
 title = {Adaptively secure multi-party computation},
 booktitle = {STOC '96: Proceedings of the twenty-eighth annual ACM symposium on Theory of computing},
 year = {1996},
 isbn = {0-89791-785-5},
 pages = {639--648},
 location = {Philadelphia, Pennsylvania, United States},
 doi = {http://doi.acm.org/10.1145/237814.238015},
 publisher = {ACM Press},
 address = {New York, NY, USA},
}

@TECHREPORT{Blum81:OT,
  AUTHOR =       {Manuel Blum},
  TITLE =        {Three applications of the Oblivious Transfer:
                  Part I: Coin flipping by telephone;
                  Part II: How to exchange secrets;
                  Part III: How to send certified electronic mail},
  INSTITUTION =  {Department of EECS, University of California, Berkeley, CA},
  YEAR =         {1981},
  type =         {},
  number =       {},
  address =      {},
  month =        {},
  note =         {},
  abstract =     {},
  keywords =     {},
  source =       {},
}

@article{Blum83:HowExcSecKey,
 author = {Manuel Blum},
 title = {How to exchange (secret) keys},
 journal = {ACM Trans. Comput. Syst.},
 volume = {1},
 number = {2},
 year = {1983},
 issn = {0734-2071},
 pages = {175--193},
 doi = {http://doi.acm.org/10.1145/357360.357368},
 publisher = {ACM Press},
 address = {New York, NY, USA},
 }

@InProceedings{LubyMiRac83,
  author =   {M. Luby and S. Micali and C. Rackoff},
  title =    {How to Simultaneously Exchange Secret Bit by Flipping a Symmetrically-Biased Coin},
  booktitle =    {Proceedings of 24th IEEE Symposium on Foundations of Computer Science (FOCS)},
  OPTcrossref =  {},
  OPTkey =   {},
  pages =    {11--21},
  year =     {1983},
  OPTeditor =    {},
  OPTvolume =    {},
  OPTnumber =    {},
  OPTseries =    {},
  OPTaddress =   {},
  OPTmonth =     {},
  OPTorganization = {},
  OPTpublisher = {},
  OPTnote =      {},
  OPTannote =    {}
}

@InProceedings{VaziraniV83,
  author =   {Umesh V. Vazirani and Vijay V. Vazirani},
  title =    {Trapdoor Pseudo-random Number Generators, with Applications
               to Protocol Design},
  booktitle =    {Proceedings of 24th IEEE Symposium on Foundations of Computer Science (FOCS)},
  OPTcrossref =  {},
  OPTkey =   {},
  pages =    {23--30},
  year =     {1983},
  OPTeditor =    {},
  OPTvolume =    {},
  OPTnumber =    {},
  OPTseries =    {},
  OPTaddress =   {},
  OPTmonth =     {},
  OPTorganization = {},
  OPTpublisher = {},
  OPTnote =      {},
  OPTannote =    {}
}

@inproceedings{BeaverGoldwasser89,
 author = {Donald Beaver and Shafi Goldwasser},
 title = {Multiparty computation with faulty majority},
 booktitle = {CRYPTO '89: Proceedings on Advances in cryptology},
 year = {1989},
 isbn = {0-387-97317-6},
 pages = {589--590},
 location = {Santa Barbara, California, United States},
 publisher = {Springer-Verlag New York, Inc.},
 address = {New York, NY, USA},
 }

 @inproceedings{GrahamYao89:ImpRA,
 author = {R. L. Graham and Andrew Chi-Chih Yao},
 title = {On the improbability of reaching Byzantine agreements},
 booktitle = {STOC '89: Proceedings of the twenty-first annual ACM symposium on Theory of computing},
 year = {1989},
 isbn = {0-89791-307-8},
 pages = {467--478},
 location = {Seattle, Washington, United States},
 doi = {http://doi.acm.org/10.1145/73007.73052},
 publisher = {ACM Press},
 address = {New York, NY, USA},
 }

 @inproceedings{CramerDamFehr01,
 author = {Ronald Cramer and Ivan Damgard and Serge Fehr},
 title = {On the Cost of Reconstructing a Secret, or VSS with Optimal Reconstruction Phase},
 booktitle = {CRYPTO '01: Proceedings of the 21st Annual International Cryptology
              Conference on Advances in Cryptology},
 year = {2001},
 isbn = {3-540-42456-3},
 pages = {503--523},
 publisher = {Springer-Verlag},
 address = {London, UK},
 }

 @inproceedings{Yao79,
 author = {Andrew Chi-Chih Yao},
 title = {Some complexity questions related to distributive computing(Preliminary Report)},
 booktitle = {STOC '79: Proceedings of the eleventh annual ACM symposium on Theory of computing},
 year = {1979},
 pages = {209--213},
 location = {Atlanta, Georgia, United States},
 doi = {http://doi.acm.org/10.1145/800135.804414},
 publisher = {ACM Press},
 address = {New York, NY, USA},
 }

 @InProceedings{frankel97,
  author =   {Yair Frankel and Peter Gemmell and Philip D. MacKenzie and
Moti Yung},
  title =    {Proactive {RSA}},
  booktitle =    {Proceedings of Advances in Cryptology - CRYPTO 97},
  OPTcrossref =  {},
  OPTkey =   {},
  pages =    {440-452},
  year =     {1997},
  editor =   {},
  volume =   {1294},
  OPTnumber =    {},
  series =   {Lecture Notes in Computer Science (LNCS)},
  OPTaddress =   {},
  OPTmonth =     {},
  OPTorganization = {},
  publisher = {Springer-Verlag},
  OPTnote =      {},
  OPTannote =    {}
}

@inproceedings{AttiyaDoGil84,
 author = {Chagit Attiya and Danny Dolev and Joseph Gil},
 title = {Asynchronous Byzantine consensus},
 booktitle = {PODC '84: Proceedings of the third annual ACM symposium on Principles of distributed computing},
 year = {1984},
 isbn = {0-89791-143-1},
 pages = {119--133},
 location = {Vancouver, British Columbia, Canada},
 doi = {http://doi.acm.org/10.1145/800222.806740},
 publisher = {ACM Press},
 address = {New York, NY, USA},
 }

@article{DolevDwStoc87,
 author = {Danny Dolev and Cynthia Dwork and Larry Stockmeyer},
 title = {On the minimal synchronism needed for distributed consensus},
 journal = {J. ACM},
 volume = {34},
 number = {1},
 year = {1987},
 issn = {0004-5411},
 pages = {77--97},
 doi = {http://doi.acm.org/10.1145/7531.7533},
 publisher = {ACM Press},
 address = {New York, NY, USA},
 }

@article{FLP85,
 author = {Michael J. Fischer and Nancy A. Lynch and Michael S. Paterson},
 title = {Impossibility of distributed consensus with one faulty process},
 journal = {J. ACM},
 volume = {32},
 number = {2},
 year = {1985},
 issn = {0004-5411},
 pages = {374--382},
 doi = {http://doi.acm.org/10.1145/3149.214121},
 publisher = {ACM Press},
 address = {New York, NY, USA},
 }

@article{DworkLyStoc88,
 author = {Cynthia Dwork and Nancy Lynch and Larry Stockmeyer},
 title = {Consensus in the presence of partial synchrony},
 journal = {J. ACM},
 volume = {35},
 number = {2},
 year = {1988},
 issn = {0004-5411},
 pages = {288--323},
 doi = {http://doi.acm.org/10.1145/42282.42283},
 publisher = {ACM Press},
 address = {New York, NY, USA},
 }


@inproceedings{Borderding96,
 author = {Malte Borcherding},
 title = {Levels of Authentication in Distributed Agreement},
 booktitle = {WDAG '96: Proceedings of the 10th International Workshop on Distributed Algorithms},
 year = {1996},
 isbn = {3-540-61769-8},
 pages = {40--55},
 publisher = {Springer-Verlag},
 address = {London, UK},
 }

 @article{dolev:ABA,
author = {D. Dolev and H. R. Strong},
collaboration = {},
title = {Authenticated Algorithms for Byzantine Agreement},
publisher = {SIAM},
year = {1983},
journal = {SIAM Journal on Computing},
volume = {12},
number = {4},
pages = {656-666},
keywords = {authentication; reliable distributed systems; Byzantine agreement; consistency; unanimity},
url = {http://link.aip.org/link/?SMJ/12/656/1},
doi = {10.1137/0212045}
}

@article{LindellLR06:CABA,
 author = {Yehuda Lindell and Anna Lysyanskaya and Tal Rabin},
 title = {On the composition of authenticated Byzantine Agreement},
 journal = {J. ACM},
 volume = {53},
 number = {6},
 year = {2006},
 issn = {0004-5411},
 pages = {881--917},
 doi = {http://doi.acm.org/10.1145/1217856.1217857},
 publisher = {ACM Press},
 address = {New York, NY, USA},
 }

@article{LSP82,
 author = {Leslie Lamport and Robert Shostak and Marshall Pease},
 title = {The Byzantine Generals Problem},
 journal = {ACM Trans. Program. Lang. Syst.},
 volume = {4},
 number = {3},
 year = {1982},
 issn = {0164-0925},
 pages = {382--401},
 doi = {http://doi.acm.org/10.1145/357172.357176},
 publisher = {ACM Press},
 address = {New York, NY, USA},
 }

@article{PSL80,
 author = {M. Pease and R. Shostak and L. Lamport},
 title = {Reaching Agreement in the Presence of Faults},
 journal = {J. ACM},
 volume = {27},
 number = {2},
 year = {1980},
 issn = {0004-5411},
 pages = {228--234},
 doi = {http://doi.acm.org/10.1145/322186.322188},
 publisher = {ACM Press},
 address = {New York, NY, USA},
 }

@article{FLM86,
 author = {Michael J. Fischer and Nancy A. Lynch and Michael Merritt},
 title = {Easy impossibility proofs for distributed consensus problems},
 journal = {Distributed Computing},
 volume = {1},
 number = {1},
 year = {1986},
 issn = {0178-2770},
 pages = {26--39},
 doi = {http://dx.doi.org/10.1007/BF01843568},
 publisher = {Springer-Verlag},
 address = {London, UK},
}

@inproceedings{borcherding-partially,
 author = {Malte Borcherding},
 title = {Partially Authenticated Algorithms for Byzantine Agreement},
 booktitle = {ISCA: Proceedings of the 9th International Conference
              on Parallel and Distributed Computing Systems},
 year = {1996},
 pages = {8--11},
}

@inproceedings{Borcherding:WDAG95,
 author = {Malte Borcherding},
 title = {On the Number of Authenticated Rounds in Byzantine Agreement},
 booktitle = {WDAG '95: Proceedings of the 9th International Workshop on Distributed Algorithms},
 year = {1995},
 isbn = {3-540-60274-7},
 pages = {230--241},
 publisher = {Springer-Verlag},
 address = {London, UK},
}



@inproceedings{BermanGaray:ICALP89,
 author = {Piotr Berman and Juan A. Garay},
 title = {Asymptotically Optimal Distributed Consensus (Extended Abstract)},
 booktitle = {ICALP '89: Proceedings of the 16th International
                Colloquium on Automata, Languages and Programming},
 year = {1989},
 isbn = {3-540-51371-X},
 pages = {80--94},
 publisher = {Springer-Verlag},
 address = {London, UK},
}

@inproceedings{FitziGaray:PODC03,
 author = {Matthias Fitzi and Juan A. Garay},
 title = {Efficient player-optimal protocols for strong and differential consensus},
 booktitle = {PODC '03: Proceedings of the twenty-second annual
                symposium on Principles of distributed computing},
 year = {2003},
 isbn = {1-58113-708-7},
 pages = {211--220},
 location = {Boston, Massachusetts},
 doi = {http://doi.acm.org/10.1145/872035.872066},
 publisher = {ACM Press},
 address = {New York, NY, USA},
 }


@InProceedings{BermanGarayPerry:FOCS89,
  author =   {P. Berman and J. A. Garay and K. J. Perry},
  title =    {Towards optimal distributed consensus (extended abstract)},
  booktitle =    {Proceedings of 30th Annual Symposium on Foundations of Computer Science(FOCS)},
  OPTcrossref =  {},
  OPTkey =   {},
  pages =    {410--415},
  year =     {30 Oct-1 Nov, 1989},
  OPTeditor =    {},
  OPTvolume =    {},
  OPTnumber =    {},
  OPTseries =    {},
  OPTaddress =   {},
  OPTmonth =     {},
  OPTorganization = {},
  OPTpublisher = {IEEE},
  OPTnote =      {},
  OPTannote =    {}
}

@inproceedings{BarDoDwStr87,
 author = {Amotz Bar-Noy and Danny Dolev and Cynthia Dwork and H. Raymond Strong},
 title = {Shifting gears: changing algorithms on the fly to expedite Byzantine agreement},
 booktitle = {PODC '87: Proceedings of the sixth annual ACM Symposium
                on Principles of distributed computing},
 year = {1987},
 isbn = {0-89791-239-4},
 pages = {42--51},
 location = {Vancouver, British Columbia, Canada},
 doi = {http://doi.acm.org/10.1145/41840.41844},
 publisher = {ACM Press},
 address = {New York, NY, USA},
 }

@article{BermanGarayPerry92:BODC,
 author = {Piotr Berman and Juan A. Garay and Kenneth J. Perry},
 title = {Bit optimal distributed consensus},
 book = {Computer science: research and applications},
 year = {1992},
 isbn = {0-306-44223-x},
 pages = {313--321},
 publisher = {Plenum Press},
 address = {New York, NY, USA},
 }

 @inproceedings{DolevStrong82:PAMPA,
 author = {Danny Dolev and H. Raymond Strong},
 title = {Polynomial algorithms for multiple processor agreement},
 booktitle = {STOC '82: Proceedings of the fourteenth annual ACM symposium on Theory of computing},
 year = {1982},
 isbn = {0-89791-070-2},
 pages = {401--407},
 location = {San Francisco, California, United States},
 doi = {http://doi.acm.org/10.1145/800070.802215},
 publisher = {ACM Press},
 address = {New York, NY, USA},
 }

@inproceedings{GarayMoses93:FuPolBA,
 author = {Juan A. Garay and Yoram Moses},
 title = {Fully polynomial Byzantine agreement in t + 1 rounds},
 booktitle = {STOC '93: Proceedings of the twenty-fifth annual ACM symposium on Theory of computing},
 year = {1993},
 isbn = {0-89791-591-7},
 pages = {31--41},
 location = {San Diego, California, United States},
 doi = {http://doi.acm.org/10.1145/167088.167101},
 publisher = {ACM Press},
 address = {New York, NY, USA},
 }

@inproceedings{DolevReischuk82,
 author = {Danny Dolev and Ruediger Reischuk},
 title = {Bounds on information exchange for Byzantine Agreement},
 booktitle = {PODC '82: Proceedings of the first ACM SIGACT-SIGOPS
                symposium on Principles of distributed computing},
 year = {1982},
 isbn = {0-89791-081-8},
 pages = {132--140},
 location = {Ottawa, Canada},
 doi = {http://doi.acm.org/10.1145/800220.806690},
 publisher = {ACM Press},
 address = {New York, NY, USA},
 }

@inproceedings{FitziHirt06,
 author = {Matthias Fitzi and Martin Hirt},
 title = {Optimally efficient multi-valued byzantine agreement},
 booktitle = {PODC '06: Proceedings of the twenty-fifth annual ACM
                symposium on Principles of distributed computing},
 year = {2006},
 isbn = {1-59593-384-0},
 pages = {163--168},
 location = {Denver, Colorado, USA},
 doi = {http://doi.acm.org/10.1145/1146381.1146407},
 publisher = {ACM Press},
 address = {New York, NY, USA},
 }

@article{FLM86,
 author = {R. Turpin and B. A. Coan},
 title = {Extending binary Byzantine agreement to multivalued Byzantine agreement},
 journal = {Information Processing Letters},
 volume = {18(2)},
 number = {},
 year = {Feb. 1984},
 issn = {},
 pages = {73--76},
 doi = {},
 publisher = {},
 address = {},
}

@UNPUBLISHED{KatzKoo,
  AUTHOR =       {Jonathan Katz  and Chiu-Yuen Koo},
  TITLE =        {On Expected Constant-Round Protocols for Byzantine Agreement},
  year =         {2007},
  month =        {},
  abstract =     {},
  keywords =     {},
  OPTnote =      {},
  source =       {http://www.cs.umd.edu/~jkatz/},
}

@article{SrikanthToueg:87,
 author = {T. K. Srikanth and S. Toueg},
 title = {Simulating authenticated broadcasts to derive simple fault-tolerant algorithms},
 journal = {Distributed Computing},
 volume = {2},
 number = {2},
 year = {1987},
 issn = {},
 pages = {80--94},
 doi = {},
 publisher = {Springer-Verlag},
 address = {London, UK},
}

@misc{gong95byzantine,
  author = "L. Gong and P. Lincoln and J. Rushby",
  title = "Byzantine agreement with authentication: Observations and applications
    in tolerating hybrid and link faults",
  text = "Li Gong, Patrick Lincoln, and John Rushby. Byzantine agreement with authentication:
    Observations and applications in tolerating hybrid and link faults. In Dependable
    Computing for Critical Applications---5, pages 79--90. IFIP WG 10.4, preliminary
    proceedings, 1995.",
  year = "1995",
}

@article{NancyBook,
 author = {Nancy A. Lynch},
 title = {Distributed Algorithms},
 journal = {Distributed Computing},
 volume = {},
 number = {},
 year = {1996},
 issn = {},
 pages = {},
 doi = {},
 publisher = {Morgan Kaufmann},
 address = {London, UK},
}

@inproceedings{fitzi98efficient,
    author = "Matthias Fitzi and Ueli M. Maurer",
    title = "Efficient Byzantine Agreement Secure Against General Adversaries",
    booktitle = "International Symposium on Distributed Computing",
    pages = "134-148",
    year = "1998",
    url = "citeseer.ist.psu.edu/fitzi98efficient.html" 
}

@techreport{SW04:algs,
  author = {Ulrich Schmid and Bettina Weiss},
  title = {Synchronous Byzantine Agreement under Hybrid Process and Link Failures},
  institution = {Technische Universit{\"a}t Wien, Institut f{\"u}r Technische Informatik},
  address = {Treitlstr. 1-3/182-1, 1040 Vienna, Austria},
  type = {Research Report},
  year = {2004},
  number = {1/2004},
  url = {http://www.auto.tuwien.ac.at/Projects/W2F/papers.html}
}

@techreport{Dolev82,
 author = {Danny Dolev},
 title = {The Byzantine Generals strike again},
 year = {1981},
 source = {http://www.ncstrl.org:8900/ncstrl/servlet/search?formname=detail\&id=oai%3Ancstrlh%3Astan%3ASTAN%2F%2FCS-TR-81-846},
 publisher = {Stanford University},
 address = {Stanford, CA, USA},
 }

@inproceedings{ElGamal85,
 author = {Taher El Gamal},
 title = {A public key cryptosystem and a signature scheme based on discrete logarithms},
 booktitle = {Proceedings of CRYPTO 84 on Advances in cryptology},
 year = {1985},
 isbn = {0-387-15658-5},
 pages = {10--18},
 location = {Santa Barbara, California, United States},
 publisher = {Springer-Verlag New York, Inc.},
 address = {New York, NY, USA},
 }

@article{Authors06,
 author = {Authors},
 title = {The frobnicatable foo filter},
 note = {ECCV06 submission ID 324. Supplied as additional material {\tt eccv06.pdf}},
 year = 2006
}

@article{Authors06b,
 author = {Authors},
 title = {Frobnication tutorial},
 note = {Supplied as additional material {\tt tr.pdf}},
 year = 2006
}

@article{Alpher02,
author = {A. Alpher},
title = {Frobnication},
journal = {Journal of Foo},
volume = 12, 
number = 1, 
pages = {234--778}, 
year = 2002
}

@article{Alpher03,
author = {A. Alpher and and J.~P.~N. Fotheringham-Smythe},
title = {Frobnication revisited},
journal = {Journal of Foo},
volume = 13, 
number = 1, 
pages = {234--778}, 
year = 2003
}

@article{Alpher04,
author = {A. Alpher and and J.~P.~N. Fotheringham-Smythe and G. Gamow},
title = {Can a machine frobnicate?},
journal = {Journal of Foo},
volume = 14, 
number = 1, 
pages = {234--778}, 
year = 2004
}
